3650 5542
828 879 1028 944 -42..

444 1097 532 1147 rum
555 1072 701 1173 gradus
728 1096 824 1174 quos
853 1070 933 1168 illi,
963 1070 1079 1148 multi
1105 1070 1275 1148 assecuti
1304 1076 1411 1151 sunt.

443 1213 516 1289 Est
534 1210 575 1288 in
590 1210 738 1289 virtute
755 1209 939 1313 plurimis
958 1234 1159 1307 ascensus,
1177 1213 1223 1286 ut
1241 1210 1275 1286 is
1295 1212 1416 1289 maxi·

443 1378 503 1429 me
541 1352 668 1454 gloria
706 1351 891 1448 excellat,
923 1350 991 1455 qui
1024 1350 1171 1429 virtute
1199 1352 1416 1454 plurimum

443 1496 614 1595 praestet.
638 1494 842 1571 Honorum
866 1489 999 1593 populi
1024 1489 1114 1567 finis
1141 1492 1201 1567 est
1224 1490 1414 1568 consula-

444 1638 539 1711 tus:
564 1658 679 1737 quem
698 1631 975 1735 magistratum
995 1632 1080 1733 jam
1102 1630 1311 1733 octinginti
1338 1631 1416 1709 fere

445 1774 641 1851 consecuti
664 1777 761 1851 sunt
785 1798 794 1851 :
822 1774 982 1869 horum,
1010 1772 1044 1849 si
1070 1770 1279 1873 diligenter
1302 1799 1417 1877 quae-

444 1935 526 2007 res,
560 1911 628 1988 vix
661 1911 849 1989 decimam
882 1914 1052 2014 partem,
1088 1911 1256 2012 reperies
1290 1911 1417 2013 gloria

443 2051 596 2155 dignos.

499 2225 518 2261 a
541 2194 742 2271 Honorum
763 2190 868 2270 enim
886 2193 1034 2295 gradus
1055 2192 1220 2271 summis
1239 2192 1417 2281 homini·
1472 2236 1474 2241 ·

443 2334 516 2410 bus
540 2336 579 2410 61
604 2332 751 2410 infimis
778 2338 874 2411 sunt
897 2359 1033 2436 pares,
1061 2333 1197 2435 gloriae
1224 2332 1413 2436 dispares.

443 2473 569 2549 Tanta
581 2475 643 2549 est
660 2472 779 2550 etiam
797 2473 901 2550 inter
920 2474 1086 2551 honores
1106 2476 1145 2549 et
1163 2472 1330 2575 gloriam
1348 2473 1417 2549 dif-

444 2611 631 2709 ferentia,
671 2616 718 2689 ut
754 2612 897 2709 multi,
936 2613 1031 2691 dum
1067 2614 1232 2691 honores
1269 2613 1417 2716 perdite

444 2757 644 2852 amarent,
671 2758 710 2831 61
732 2754 872 2858 quavis
898 2754 1049 2831 ratione
1075 2757 1276 2833 tentarent
1295 2779 1417 2831 occu-

444 2918 553 2995 pare,
575 2893 697 2997 hujus
717 2920 834 2997 quam
854 2898 1107 2997 speraverant
1121 2894 1257 2996 gloriae
1271 2919 1321 2972 ne
1335 2895 1417 2971 mi-

444 3032 592 3111 nimam
611 3032 767 3137 quidem
786 3038 937 3138 partem
956 3032 1129 3112 obtinere
1148 3033 1359 3136 potuerint.

499 3208 518 3241 „
544 3174 719 3252 Caveant
744 3174 883 3277 igitur'
896 3174 958 3252 illi
984 3174 1053 3278 qui
1080 3174 1245 3252 honores
1272 3200 1418 3277 aggre-

443 3315 609 3393 diuntur
641 3341 710 3411 ne,
750 3315 845 3392 dum
878 3314 919 3391 in
953 3313 1054 3392 atrio
1086 3315 1222 3417 templi
1254 3340 1418 3393 moran-

444 3460 511 3532 tur
528 3455 701 3551 diutius,
732 3454 922 3558 templum
942 3454 1096 3559 ipsum,
1119 3458 1164 3533 ut
1184 3453 1241 3532 ita
1268 3453 1414 3551 dicam,

444 3596 593 3674 intrare
619 3600 790 3673 autnon
816 3594 988 3698 possint,
1011 3599 1082 3672 aut
1106 3594 1226 3671 etiam
1252 3619 1330 3671 non
1350 3619 1418 3671 re-

442 3737 663 3819 cordentur.
685 3739 832 3815 Eorum
850 3735 1044 3841 praecipue
1063 3734 1281 3812 doctrinam
1305 3758 1418 3812 erro-

444 3879 552 3956 ribus
585 3882 624 3955 et
655 3878 840 3981 periculis
871 3878 1025 3980 plenam
1059 3876 1177 3953 iidem
1206 3900 1283 3952 non
1312 3874 1418 3952 reci-

442 4017 553 4121 piant
588 4018 655 4122 qui
693 4017 795 4095 nihil
829 4017 955 4120 magis
992 4017 1275 4120 expetendum,
1315 4013 1418 4091 nihil

443 4157 696 4261 praestantius
728 4156 965 4252 honoribus,
1002 4155 1200 4259 imperiis,
1237 4153 1415 4257 populari

443 4296 546 4375 sarna
573 4299 612 4373 61
635 4296 946 4395 judicaverunt,
965 4298 1004 4373 et
1030 4298 1308 4397 exposuerunt.
1341 4293 1418 4379 Qui
