3650 5542
772 889 972 952 ..67-

385 1079 547 1157 formam
571 1080 807 1182 expresserit
832 1080 916 1157 vita
944 1105 1039 1177 sua,
1069 1106 1185 1185 quam
1213 1080 1353 1177 multi,

382 1220 478 1295 dum
505 1221 690 1321 majorem
714 1223 754 1296 et
776 1218 980 1297 clariorem
1009 1224 1250 1323 expeterent,
1268 1246 1358 1297 om-

385 1360 479 1437 nino
511 1359 742 1438 amiserunt.
774 1358 953 1437 Ciceroni
984 1360 1080 1437 satis
1110 1361 1164 1437 sit
1190 1360 1357 1463 gloriam

386 1498 598 1597 meruisse,
628 1500 859 1577 mediocrem
888 1500 1039 1598 forsan,
1067 1500 1133 1577 sed
1161 1501 1357 1603 propriam

385 1645 424 1718 et
451 1665 701 1739 mansuram,
730 1642 796 1719 sed
822 1642 869 1718 de
895 1667 973 1744 qua
1000 1640 1153 1718 nullius
1182 1666 1358 1745 unquam

385 1781 515 1859 aetatis
535 1782 713 1860 homines
732 1782 794 1859 vel
813 1776 1029 1884 disputare,
1048 1786 1194 1885 queant
1209 1782 1270 1859 vel
1290 1782 1358 1859 du-

385 1920 520 1999 bitare.
550 1924 596 1999 In
622 1923 690 2000 illo
713 1922 819 1999 enim
846 1926 950 1999 artes
976 1926 1015 1999 et
1038 1921 1207 2000 virtutes
1232 1922 1359 2000 mira-

385 2086 474 2137 mur
503 2088 600 2165 quas
634 2062 729 2165 ipsi,
764 2062 880 2163 longo
912 2060 1093 2164 quamvis
1127 2062 1355 2159 intervaHO,

385 2204 562 2306 persequi
589 2204 771 2279 volumus
799 2205 838 2279 et
871 2224 1104 2304 possumus,
1140 2228 1238 2307 quas
1267 2204 1359 2280 dum

387 2344 642 2447 suspicimus,
678 2349 724 2423 ut
746 2346 803 2422 ait
827 2346 990 2443 Seneca,
1016 2347 1264 2449 agnoscimus
1293 2353 1360 2425 ta-

386 2510 501 2583 men,
523 2513 610 2590 quae
629 2487 795 2590 denique
819 2492 994 2565 nostram
1013 2488 1076 2565 vel
1095 2488 1188 2565 vitae
1207 2489 1269 2567 vel
1290 2488 1359 2564 in-

384 2629 490 2731 genii
514 2629 820 2707 mediocritatem
843 2656 921 2708 non
945 2636 1180 2710 conterrent.
1204 2632 1358 2717 Quam-

384 2768 445 2843 vis
471 2768 575 2845 enim
605 2769 740 2865 multi,
771 2769 906 2872 procul
933 2770 1072 2869 dubio,
1099 2771 1203 2849 inter
1232 2770 1357 2874 ipsius

384 2908 574 3011 aequales,
600 2910 656 2986 M.
675 2905 860 2987 'Tullium
884 2909 1017 3007 factis,
1043 2910 1219 3035 fortuna,
1242 2910 1359 3013 inge-

385 3048 450 3124 nio
468 3048 587 3127 etiam
606 3052 899 3154 superaverint,
923 3051 1061 3129 nullus
1087 3056 1219 3129 tamen
1246 3051 1356 3128 illius

382 3185 425 3267 in
444 3188 633 3288 patriam,
655 3188 766 3267 illius
785 3191 828 3269 in
847 3216 973 3294 genus
994 3193 1214 3270 humanum
1235 3217 1358 3296 supe-

384 3328 487 3405 ravit
509 3354 702 3429 amorem,
724 3357 855 3431 nemo,
883 3338 997 3412 tanta
1015 3332 1259 3431 constantia,
1283 3358 1357 3409 us-

383 3495 457 3574 que
475 3473 522 3548 ad
542 3477 727 3570 mortem,
745 3474 956 3573 inlabere,
975 3475 1017 3553 in
1036 3475 1183 3574 officie,
1207 3476 1248 3553 in
1267 3476 1356 3553 vir·
1474 3474 1480 3485 ’

383 3620 468 3694 tute
495 3618 772 3721 perseveravit.
795 3620 892 3705 Quae
919 3618 1070 3723 gloria,
1093 3646 1179 3698 mea
1199 3620 1355 3724 quidem

383 3762 596 3857 sententia,
619 3760 751 3841 sinon
774 3762 948 3839 maxima
970 3767 1050 3860 est,
1073 3762 1246 3840 attamen
1265 3761 1354 3838 boni

381 3905 458 3981 viri
477 3904 578 3983 rotis
597 3904 832 4007 dignissima
850 3930 1002 4007 semper
1021 3905 1230 3985 videbitur.

436 4044 492 4120 De
517 4045 600 4123 vita
622 4045 677 4123 M.
700 4046 822 4124 Tullii
846 4047 944 4126 satis
969 4074 1161 4152 superque
1187 4048 1350 4128 dictum.

379 4182 488 4285 Opus
511 4185 616 4262 enim
635 4210 659 4262 a
677 4187 869 4290 principio
895 4214 1035 4266 sumus
1055 4191 1254 4292 aggressi,
1278 4217 1353 4268 eu-

376 4324 444 4424 jus
460 4324 625 4401 historia
640 4324 714 4401 sibi
730 4326 934 4403 minimam
954 4329 1171 4407 vindicaret
1185 4336 1351 4433 partem,
