3650 5542
871 863 1070 925 „32-

532 1053 617 1128 Duo
649 1050 753 1126 enim
780 1077 920 1153 genera
955 1051 995 1127 in
1030 1050 1134 1127 omni
1166 1049 1341 1145 civitate,
1381 1050 1445 1126 sed

480 1188 697 1289 praesertim
719 1194 813 1268 tunc
833 1193 1017 1295 temporis
1041 1193 1082 1268 in
1106 1192 1263 1269 civitate
1286 1218 1446 1269 romana

479 1332 694 1433 reperimus
722 1358 856 1410 eorum
885 1334 952 1436 qui
977 1334 1125 1410 versari
1155 1334 1196 1409 in
1223 1333 1442 1436 republica,

400 1533 403 1556 ,ι
478 1478 594 1576 atque
626 1475 667 1550 in
700 1500 745 1551 ea
776 1477 907 1553 omnia
939 1477 1074 1552 munia
1106 1476 1281 1578 explere,
1311 1502 1444 1554 omncs

479 1620 734 1720 magistratus
779 1644 955 1709 exercere
998 1619 1232 1715 voluerunt,
1280 1644 1446 1722 quorum

479 1757 592 1833 alteri
630 1758 852 1861 populares,
884 1760 998 1836 alteri
1026 1759 1229 1861 optimates
1258 1762 1304 1835 ut
1330 1764 1441 1856 sunt,

479 1900 535 1976 ita
561 1900 751 1977 nominati
780 1906 886 1979 sunt.
919 1901 995 1987 Qui
1026 1902 1204 1978 omnibus
1235 1902 1317 1978 suis
1357 1902 1445 1978 dic-

478 2038 529 2114 tis
540 2044 578 2117 et
600 2041 713 2117 factis
733 2042 981 2120 multitudini
1000 2044 1150 2145 placere
1169 2042 1363 2139 volebant,
1385 2066 1446 2144 po·

478 2186 664 2287 pulares:
693 2186 760 2288 qui
785 2191 916 2262 autem
944 2186 999 2263 ita
1029 2210 1068 2261 se
1096 2184 1281 2286 gerebant
1305 2187 1349 2259 ut
1374 2208 1445 2258 sua

478 2328 662 2423 consilia,
686 2357 757 2406 sua
783 2330 886 2405 dicta
915 2330 1059 2432 optimo
1086 2329 1226 2431 cuique
1258 2331 1444 2430 probaren

479 2475 559 2565 tur,
581 2471 784 2573 optimates
805 2471 1059 2548 habebantur.
1082 2472 1181 2547 Duae
1204 2470 1327 2572 igitur
1352 2472 1445 2547 Nos·

478 2617 539 2688 tro
558 2613 670 2716 quasi
694 2612 768 2688 viae
796 2614 844 2689 ad
863 2613 1029 2715 gloriam
1056 2614 1255 2714 patebant,
1278 2634 1444 2712 quarum

460 2779 580 2852 una,
600 2755 768 2831 intanta
788 2755 1049 2857 improborum
1068 2752 1340 2846 multitudine,
1368 2774 1444 2825 non

479 2897 588 2973 modo
619 2897 771 2974 brevior
804 2901 843 2974 et
869 2897 1041 2994 facilior,
1077 2897 1140 2973 sed
1174 2895 1291 2972 etiam
1324 2891 1445 2969 tutior

479 3040 696 3136 videbatur,
734 3039 878 3135 altera,
919 3063 1076 3140 aspera,
1112 3038 1252 3133 ardua,
1285 3034 1444 3137 pericu-

479 3182 605 3257 lorum
631 3185 670 3257 et
688 3179 923 3255 insidiarum
943 3178 1070 3281 plena.
1094 3177 1157 3253 Fit
1171 3176 1293 3272 enim,
1315 3176 1444 3252 nescio

478 3347 553 3424 quo
572 3322 702 3418 m0d0,
725 3326 771 3397 ut
796 3321 1025 3423 plerumque
1050 3320 1214 3397 audaces
1241 3318 1280 3391 et
1305 3312 1444 3416 perditi

478 3462 674 3561 homines,
711 3464 786 3566 ipsi
821 3466 956 3564 sponte
990 3488 1062 3538 sua
1094 3462 1135 3538 in
1168 3455 1444 3559 rempublicam

478 3604 709 3700 incitentur,
732 3608 803 3681 aut
822 3606 923 3680 nutu
945 3601 1213 3704 impellantur,
1235 3596 1324 3674 boni
1349 3620 1446 3671 con-

479 3748 539 3821 tra
559 3745 749 3821 tardiores
770 3746 852 3822 sint
866 3744 913 3821 ad
929 3742 1225 3835 vindicandum,
1248 3744 1306 3836 et,
1329 3737 1444 3840 prin-

478 3885 591 3986 cipii's
612 3888 817 3961 turbarum
837 3885 1046 3986 neglectio,
1074 3882 1230 3985 optimis
1252 3881 1349 3957 viris
1370 3906 1445 3955 mo-

478 4025 686 4122 uentibus,
723 4024 1035 4120 obsecrantibus,
1066 4027 1136 4099 aut
1162 4047 1239 4098 non
1263 4020 1442 4113 credant,

478 4171 644 4243 autnon
663 4169 843 4269 pareant,
872 4168 911 4241 et
931 4166 977 4241 ad
1001 4169 1238 4260 extremum,
1266 4164 1350 4265 ipsa
1370 4188 1444 4239 ne-

478 4308 659 4386 cessitate
693 4307 835 4404 coacti,
871 4332 973 4383 vana
1006 4306 1182 4410 quaedam
1215 4308 1254 4381 et
1287 4304 1445 4381 inutilia

1238 4422 1245 4439 Χ
