3650 5542
860 890 1059 951 „13-

475 1074 651 1171 linxisse,
670 1100 737 1176 per
749 1100 836 1177 quae
846 1099 970 1177 genus
982 1100 1098 1152 suum
1114 1075 1269 1153 illustre
1284 1076 1439 1155 faceret.

473 1216 578 1303 Quin
597 1216 714 1295 etiam
729 1217 770 1293 in
785 1242 847 1293 eos
863 1216 1066 1294 invehitur
1084 1216 1151 1320 qui
1171 1215 1289 1293 falsos
1308 1217 1444 1294 trium·

472 1359 590 1461 phos,
613 1359 745 1463 plures
764 1357 1012 1455 consulatue,
1039 1382 1182 1460 genera
1208 1358 1326 1435 etiam
1345 1358 1445 1436 falsu

472 1499 685 1601 majoribus
712 1499 796 1575 suis
820 1496 1074 1595 condonant¹,
1104 1532 1122 1565 ιι
1145 1502 1189 1575 ut
1210 1497 1243 1574 si
1262 1523 1353 1601 ego,
1376 1499 1444 1575 in-

474 1676 493 1708 »
513 1641 627 1745 quit,
647 1666 709 1720 me
727 1667 751 1719 a
769 1642 824 1720 M.
846 1641 977 1718 Tullio
1002 1665 1086 1717 esse
1106 1638 1274 1715 dicerem
1294 1639 1362 1743 qui
1381 1665 1444 1741 pa-

473 1812 492 1845 „
514 1779 654 1857 inicius
674 1805 763 1857 cum
790 1781 932 1859 Servio
947 1781 1118 1885 Sulpicio
1137 1782 1318 1877 consule,
1341 1807 1444 1860 anno

473 1955 491 1987 n
513 1922 660 1998 decimo
678 1927 766 2024 post
783 1928 938 2001 exactos
957 1949 1067 2026 reges
1086 1924 1176 2002 fuit.
1203 1958 1221 1991 n
1240 1923 1353 2000 Hanc
1374 1922 1444 2024 igi·

468 2068 683 2167 tunquam
716 2064 873 2142 fortuna
905 2065 1083 2144 Ciceroni
1111 2069 1341 2166 negaverat,
1370 2089 1444 2165 ge—

469 2204 575 2281 neris
609 2205 870 2304 nobilitatem,
902 2206 1100 2309 ¹singulari
1135 2205 1280 2282 virtute
1310 2202 1444 2279 statim

470 2347 713 2446 adolescens,
736 2353 774 2427 et
792 2375 888 2453 pene
908 2350 1042 2451 puer⁹,
1064 2372 1201 2451 parare
1221 2344 1440 2423 constituit.

470 2491 521 2566 Et
546 2514 668 2592 quum
696 2490 821 2592 ipsius
851 2495 1016 2587 natura,
1048 2514 1193 2585 meree,
1224 2488 1443 2565 clarissima

470 2631 627 2709 tandem
646 2632 822 2735 exempla
841 2657 929 2709 eum
949 2633 995 2709 cd
1021 2633 1149 2710 lorum
1168 2635 1207 2707 et
1230 2630 1277 2705 ad
1292 2629 1444 2731 judicia

468 2777 664 2867 vocarent,
681 2798 931 2851 romanorum
945 2778 1143 2851 oratorum
1163 2772 1341 2875 princeps
1360 2796 1444 2848 eva·

469 2913 558 2990 dere
582 2914 728 3008 voluit,
762 2921 801 2993 et
828 2915 917 2994 fuit.
948 2917 1071 2993 Tanto
1097 2917 1194 3018 jano
1219 2918 1305 2989 tum
1328 2911 1443 2987 famae

470 3080 599 3132 amore
617 3056 821 3161 flagrabat,
839 3062 884 3135 ut
898 3083 1020 3161 quum
1036 3056 1167 3153 amici,
1189 3054 1327 3132 medici
1344 3053 1444 3130 debi-

469 3191 545 3269 lem
564 3199 603 3271 et
621 3195 780 3272 incertae
800 3195 1037 3273 valetudinis
1058 3194 1320 3270 adolecentem
1347 3192 1444 3267 hor-

507 3496 514 3530 ¹
531 3495 648 3565 Brutus,
663 3511 688 3551 c.
701 3499 745 3552 62.

504 3608 621 3675 ²Quu1u
635 3609 739 3680 adhuc,
755 3618 786 3667 ut
800 3612 965 3669 Plutarchus
981 3613 1092 3683 scribit,
1107 3628 1155 3669 eas
1170 3618 1244 3668 artes
1263 3609 1362 3683 quibus
1376 3615 1443 3667 aetas

469 3698 581 3771 puerilis
600 3699 635 3755 od
658 3700 854 3758 humanitatem
878 3702 1018 3758 informari
1040 3703 1124 3772 solet,
1147 3702 1281 3770 disceret,
1305 3701 1443 3771 ingenium

468 3790 528 3861 ojus
543 3788 582 3845 itu
594 3789 694 3860 eluxit,
709 3798 867 3865 tantumque
884 3792 1004 3848 nominis
1025 3800 1053 3848 et
1071 3791 1165 3863 gloriae
1185 3791 1255 3847 inter
1273 3806 1372 3863 pueros
1390 3790 1443 3845 ha-

469 3877 545 3948 buit,
559 3886 588 3935 ut
602 3895 696 3937 uorum
719 3888 862 3953 parentes,
888 3881 994 3938 visendi
1015 3882 1171 3951 Ciceronis,
1192 3880 1444 3953 cognoscendaequo

469 3965 613 4025 celebrate
628 3968 656 4023 in
666 3967 796 4026 discendo
807 3970 955 4027 coleritatis
965 3971 1053 4041 gratia
1064 3970 1098 4026 od
1112 3970 1346 4026 ludumvenircnt.
1362 3969 1443 4024 Pueri

468 4074 594 4131 quoquc,
608 4058 719 4115 honoris
728 4060 832 4130 gratia,
848 4061 887 4116 M.
901 4058 1022 4116 Tullium
1040 4060 1160 4117 modium
1173 4059 1353 4117 deducebant.

574 4196 612 4253 Et
623 4196 725 4253 medius
734 4198 864 4269 juvenum
891 4215 945 4253 uon
958 4198 1163 4270 iudiynontibus
1180 4198 1255 4269 ipsis.

575 4281 651 4342 [bot.
671 4292 697 4341 et
709 4284 835 4351 interior,
848 4292 874 4340 ci
885 4304 968 4342 comes
981 4304 1051 4342 uitiis
1066 4293 1137 4342 erut.

968 4376 1084 4448 2(0vm.,
1100 4375 1175 4431 Foct.
1192 4375 1227 4443 V,
1242 4374 1299 4442 67.)
