3650 5542
766 905 964 969 ..79-

380 1098 499 1175 Multi
519 1099 636 1176 etiam
663 1098 870 1200 perfectam
898 1122 977 1173 una
999 1101 1037 1173 et
1064 1096 1248 1192 mediam,
1271 1124 1348 1175 non

381 1240 604 1343 quamlibet,
627 1240 691 1316 sed
711 1238 923 1315 maximam
942 1237 1107 1340 gloriam
1128 1244 1222 1317 sunt
1241 1239 1350 1342 adep·

381 1378 436 1476 ti,
458 1403 623 1483 quorum
649 1378 775 1480 gloria
795 1402 916 1481 quum
940 1381 963 1453 a
986 1378 1065 1453 Deo
1092 1381 1217 1475 esset,
1249 1378 1351 1455 inter

382 1518 557 1596 homines
576 1523 707 1596 tamen
727 1518 883 1596 enituit.
907 1520 1147 1595 Francorum
1168 1543 1255 1616 rex,
1278 1520 1352 1595 Lu-

381 1659 540 1737 dovious
562 1685 710 1757 nonus,
732 1660 899 1762 exempli
921 1660 1048 1737 instar
1064 1660 1129 1739 sit.

438 1837 456 1869 e
475 1802 591 1878 Falsa
610 1801 735 1903 gloria
753 1805 812 1878 est
829 1826 916 1904 quae
935 1801 1047 1879 nulla
1061 1802 1222 1898 virtute,
1242 1801 1354 1879 nulla

383 1935 526 2019 nititur
558 1941 764 2043 sapientia,
795 1966 882 2043 quae
913 1940 1050 2042 gloriae
1083 1942 1154 2018 Dei
1192 1941 1353 2018 minime

382 2081 603 2185 respondet,
625 2082 710 2177 vel,
734 2087 779 2157 ut
796 2106 888 2157 vera
907 2080 1053 2177 dicam,
1077 2083 1323 2162 adversatur.

436 2257 454 2291 υ
476 2223 632 2300 Falsam
664 2220 828 2323 gloriam
859 2222 1106 2325 prosequitur
1143 2224 1211 2327 qui
1251 2224 1352 2302 nihil

286 2452 291 2464 Ι
381 2365 482 2469 aequi
508 2370 547 2442 et
579 2363 704 2441 saneti
735 2363 870 2459 habet,
893 2365 961 2466 qui
981 2365 1150 2467 pessima
1169 2365 1351 2460 consilia,

382 2504 554 2581 facinora
573 2529 650 2580 non
669 2503 823 2579 dubitat
852 2501 1004 2598 moliri,
1027 2504 1233 2581 dummodo
1261 2504 1355 2581 lau-

382 2646 518 2743 dibus,
549 2644 781 2741 honoribus,
812 2645 1015 2746 praeconiis
1053 2646 1093 2722 in
1129 2672 1168 2722 se
1200 2647 1356 2724 fruatur

384 2786 591 2890 congestis.
615 2786 768 2864 Invidet
792 2785 897 2862 enim
917 2788 1105 2863 bonorum
1134 2788 1269 2889 gloria
1289 2787 1356 2892 qui

384 2926 499 3004 malis
519 2926 670 3003 artibus
694 2926 838 3003 malam
858 2927 967 3029 eupit
985 2926 1173 3029 gloriam,
1196 2931 1236 3003 et
1249 2952 1354 3021 eam,

384 3070 417 3145 si
438 3074 587 3172 posset,
608 3068 773 3145 libenter
791 3069 1074 3170 exstingueret.

441 3245 459 3278 a
481 3211 557 3296 Qui
578 3215 707 3287 tamen
727 3215 857 3314 aperte
880 3212 945 3288 itae
967 3237 1006 3288 se
1025 3216 1182 3313 gerunt,
1205 3215 1243 3288 et
1261 3211 1359 3288 vitia

386 3375 457 3425 sua
482 3376 558 3426 non
585 3351 803 3447 occultant,
822 3351 954 3427 minus
984 3351 1203 3446 metuendi,
1226 3352 1357 3428 minus

385 3489 503 3565 etiam
534 3489 750 3567 detestandi
789 3491 886 3566 mihi
917 3492 1113 3568 videntur.
1155 3494 1235 3569 Hos
1269 3519 1359 3569 vero

386 3630 514 3707 nescio
529 3630 669 3733 quibus
690 3630 904 3707 maledictis
925 3658 1136 3735 prosequar
1154 3633 1264 3709 falsae
1283 3635 1360 3736 glo·

389 3771 456 3846 riae
476 3770 580 3847 diros
596 3776 786 3848 amatores
803 3774 868 3875 qui
885 3773 1009 3875 speeie
1029 3778 1184 3850 tantum
1200 3776 1360 3853 virtutis

387 3912 499 4007 freti,
521 3918 559 3988 et
583 3911 684 3988 nihil
715 3912 792 3989 nisi
822 3912 1017 4013 injustum
1043 3918 1220 4016 optantes
1240 3920 1279 3992 et
1299 3941 1360 3992 ne-

387 4054 567 4151 fandum,
582 4055 648 4155 jus
664 4059 703 4129 et
722 4078 877 4159 aequum
894 4079 1044 4156 semper
1059 4054 1099 4131 in
1115 4080 1180 4131 ore
1195 4056 1357 4142 habent,

387 4195 485 4271 etde
505 4193 588 4271 suis
609 4193 849 4273 utilitatibus
869 4199 1026 4272 tantum
1047 4197 1157 4273 modo
1177 4196 1360 4299 cogitan-

388 4337 469 4429 teS,
500 4334 672 4411 civitatis
697 4330 902 4412 custodum
931 4341 969 4413 et
997 4338 1243 4413 defensorum
1267 4362 1360 4439 per-

391 4496 525 4549 sonam
545 4474 619 4551 sibi
639 4480 860 4563 assumunt.
