3650 5542
760 918 959 980 ..17-

375 1107 487 1181 famae
514 1130 643 1182 amore
675 1114 873 1209 correptus
905 1108 1046 1185 fuerit?
1069 1111 1170 1196 Quid
1200 1113 1344 1191 mirum

375 1246 679 1344 adolescentem,
706 1249 832 1350 prima
857 1252 904 1326 ab
930 1249 1115 1347 infantia,
1144 1255 1344 1353 poetarum

374 1388 631 1485 carminibus,
650 1389 875 1467 Graecorum
896 1390 1196 1468 historiistanto
1210 1393 1346 1470 ardore
1460 1412 1464 1421 ·

374 1534 613 1629 studentem,
642 1535 700 1608 tot
719 1557 880 1609 suorum
905 1533 1050 1610 civium
1070 1534 1254 1635 praeclare
1272 1537 1347 1614 fac·

373 1677 413 1750 ta
431 1673 639 1777 legentem,
661 1673 776 1776 plura
795 1674 1005 1772 videntem,
1027 1677 1089 1753 vel
1107 1677 1343 1779 audientem,

372 1815 506 1917 gloriae
527 1816 661 1893 statim
680 1841 810 1894 amore
822 1816 1110 1895 inflammatum
1130 1820 1251 1899 fuisse
1271 1850 1348 1927 qua

374 1983 434 2054 sc,
463 1958 524 2034 sui
553 1957 777 2060 praestantis
807 1958 979 2059 ingenii,
1012 1986 1174 2038 suarum
1199 1963 1347 2041 virium

372 2100 567 2193 conscius,
583 2100 747 2202 dignum
763 2100 844 2177 fore
864 2102 1066 2181 sentiebat.
1091 2104 1193 2182 Illud
1218 2106 1345 2208 potius

372 2241 491 2320 miror
510 2242 707 2319 sincerum
725 2247 764 2319 et
782 2245 877 2320 bene
891 2270 915 2320 a
930 2249 1075 2323 natura
1094 2247 1346 2327 informatum
1389 2266 1391 2269 ’

373 2384 549 2461 animum
576 2383 713 2462 multis
737 2387 776 2459 et
809 2383 927 2460 claris
955 2410 1166 2486 pravorum
1199 2384 1346 2460 civium

371 2522 558 2624 exemplis
576 2524 737 2601 minime
752 2523 1080 2618 contaminatum,
1101 2524 1262 2601 minime
1288 2523 1347 2599 de-

373 2668 580 2765 pravatum
591 2664 731 2759 fuisse3
749 2690 819 2741 nec
831 2666 1112 2744 adolescentem
1122 2666 1236 2742 illum
1250 2664 1345 2742 satis

372 2806 530 2883 laudare
545 2831 703 2908 possum
719 2806 801 2910 qui,
820 2833 942 2910 quum
958 2808 1240 2902 Gracchorum,
1255 2805 1346 2883 Car·

370 2948 495 3044 boniS,
519 2948 724 3025 Saturnini
740 2948 928 3025 memoria
941 2949 1069 3024 adhuc
1083 2947 1248 3050 vigeret,
1266 2947 1346 3022 Ma·

372 3089 454 3164 rius
474 3114 565 3165 vero
588 3093 626 3165 et
650 3089 760 3192 Sylla
785 3088 867 3166 vivi
896 3092 936 3165 et
963 3089 1109 3191 integri
1137 3089 1343 3181 florerent,

371 3229 580 3330 praesentia
598 3233 636 3306 et
657 3230 870 3332 praevalida
897 3231 1074 3333 exempla
1098 3228 1343 3331 despexerit,

371 3376 416 3448 ut
434 3373 576 3449 veteris
597 3373 819 3476 reipublicae
847 3374 1138 3470 sanctissimos,
1166 3373 1230 3449 sed
1251 3377 1346 3448 tunc

371 3512 565 3614 neglectos
585 3517 624 3589 et
642 3513 720 3590 fere
740 3519 976 3617 contemptos
997 3515 1102 3592 viros
1129 3539 1279 3616 semper
1304 3514 1344 3588 in

371 3651 556 3728 memoria
570 3656 740 3749 teneret,
764 3678 913 3755 semper
934 3654 974 3730 in
996 3658 1148 3755 pectore
1167 3659 1206 3731 et
1225 3654 1266 3730 in
1281 3677 1346 3728 ore

371 3790 541 3871 haberet.
559 3794 855 3871 Meminerimus
871 3795 989 3871 etiam
1005 3796 1060 3873 M.
1078 3795 1255 3872 Tullium
1270 3820 1345 3871 mo

371 3931 495 4009 dicam
514 3935 706 4038 patriam,
729 3934 896 4011 modicos
918 3938 1096 4036 parentes
1119 3958 1269 4035 semper
1288 3958 1344 4008 co-

372 4073 492 4152 luisse
504 4074 527 4170 ¹;
544 4101 628 4170 nec,
648 4081 692 4152 ut
707 4077 823 4153 multi
839 4075 1027 4174 solebant,
1044 4101 1146 4153 vana
1156 4081 1196 4152 et
1212 4074 1344 4151 inania

408 4400 415 4435 ¹
436 4399 498 4455 Vid.
514 4400 548 4455 de
563 4402 621 4472 lege
633 4404 739 4474 agraria
754 4406 780 4474 t,
793 4434 828 4446 -
840 4405 874 4461 de
890 4404 1008 4476 Legibus
1022 4405 1059 4469 11,
1076 4406 1103 4475 3,
1114 4405 1141 4459 t.
