3650 5542
793 856 972 917 ..9.„

390 1047 571 1151 perieulis
593 1046 805 1124 mercedem
825 1051 864 1123 et
882 1046 1103 1148 petierunt,
1126 1050 1165 1122 ei
1185 1052 1279 1123 sunt
1298 1074 1363 1123 us-

391 1191 537 1286 secuti,
559 1191 605 1267 de
624 1214 702 1293 qua
721 1214 845 1291 pauca
871 1187 1020 1283 dicere,
1052 1187 1094 1263 in
1114 1188 1191 1263 fine
1215 1189 1365 1291 operis,

390 1341 520 1418 forsan
539 1340 791 1417 tentabimus.
815 1338 893 1413 Nos
919 1362 1009 1413 vero
1030 1361 1136 1413 nuno
1162 1362 1249 1441 quoe
1274 1344 1369 1418 sunt

389 1482 559 1559 hominis
588 1481 628 1557 in
662 1506 766 1557 mero
803 1479 960 1555 homine
995 1479 1233 1583 quaerimus,
1269 1506 1368 1558 oon-

388 1625 661 1727 tendimusque
688 1624 743 1699 M.
772 1621 972 1736 Tullium,
1005 1645 1127 1722 quum
1153 1621 1270 1698 multi
1298 1628 1368 1699 aut

387 1765 611 1853 etiamfere
639 1788 771 1840 omnes
799 1762 927 1839 aetatis
957 1760 1130 1863 ejusdem
1159 1763 1235 1839 viri
1263 1764 1366 1842 nihil

387 1908 465 1984 nisi
484 1906 663 2000 divitias,
686 1906 876 1999 honores,
901 1903 1082 2005 imperia,
1110 1903 1221 1981 avide
1241 1931 1366 2008 eupe-

387 2053 493 2145 rent,
526 2048 669 2124 scelere
697 2050 898 2149 raperent,
930 2045 1136 2147 proemium
1173 2047 1299 2125 nobile
1329 2053 1368 2125 et

382 2194 538 2294 justum
558 2190 631 2266 sibi
652 2213 802 2291 semper
820 2187 1087 2290 proposuisse,
1112 2188 1262 2266 seilicet
1280 2216 1366 2267 eam

387 2333 552 2436 gloriam
590 2358 676 2435 quae
710 2330 812 2407 nulli
841 2308 978 2426 nocet,
1012 2330 1149 2408 multis
1183 2335 1361 2435 prodest,

317 2461 325 2480 ’
387 2474 550 2577 posteris
585 2472 826 2575 praesertim,
858 2498 1025 2575 quorum
1056 2478 1205 2551 mentes
1242 2476 1365 2555 illus-

384 2617 508 2693 trium
534 2617 710 2694 virorum
742 2615 931 2718 exemplis
962 2616 1184 2694 formantur
1213 2623 1252 2695 ei
1279 2620 1364 2695 eri-

386 2763 548 2861 guntur.
572 2758 644 2835 llle
666 2783 758 2834 vero
777 2757 824 2833 de
847 2756 973 2859 gloria
992 2756 1090 2833 liber
1114 2783 1237 2860 quum
1266 2784 1364 2835 nos-

386 2904 467 2976 tras
494 2899 535 2976 in
563 2925 729 2997 manuS,
759 2903 804 2976 ut
828 2899 939 2977 modo
961 2898 1156 2997 diximus,
1187 2925 1266 2976 nou
1291 2927 1364 2979 ve-

385 3039 531 3136 nerit¹,
570 3066 618 3117 ex
655 3041 745 3117 aliis
784 3042 839 3119 M.
884 3040 1009 3117 Tullii
1049 3040 1162 3118 libris
1204 3042 1363 3121 meliore

384 3184 543 3259 fortuna
568 3182 807 3259 conservatis
838 3207 916 3259 non
948 3208 1100 3285 pauca,
1123 3184 1188 3259 sed
1221 3184 1363 3262 selecta

383 3326 486 3403 diota
513 3330 553 3403 et
580 3325 798 3428 praesertim
826 3350 1008 3427 suprema
1041 3349 1261 3421 sumemus,
1295 3352 1363 3429 per

383 3494 469 3570 quae
489 3468 742 3544 manifestum
769 3468 855 3564 fiet,
883 3473 928 3545 ut
955 3493 1177 3569 speramus,
1205 3472 1361 3545 tantum

383 3608 511 3685 virum
530 3635 617 3712 quae
637 3610 689 3686 sit
708 3636 800 3686 vera
816 3610 942 3712 gloria
957 3610 1101 3713 optime
1116 3610 1357 3713 cognovisse,

381 3756 420 3826 et
440 3750 495 3827 ua
514 3776 599 3827 eom
619 3750 763 3854 optimo
780 3754 869 3854 jure
889 3752 1121 3830 obtinuisse.

436 3896 520 3971 Non
545 3895 642 3971 mihi
668 3896 777 3973 venit
804 3897 844 3972 in
870 3902 1040 3974 mentem
1065 3897 1355 4000 injucundum,

417 4253 424 4285 ¹
440 4252 579 4325 Vid.,r1p.
595 4254 630 4307 ad
645 4254 740 4321 Attio,
756 4256 773 4309 1.
789 4258 850 4325 XV,
864 4272 908 4327 ep.
925 4252 1118 4323 273-1u'd,
1135 4256 1151 4310 Ι.
1171 4258 1247 4325 XVI,
1260 4273 1304 4328 op.
1322 4261 1355 4324 6;

381 4371 413 4381 -
427 4339 465 4395 De
476 4339 588 4412 Offlou'is,
606 4343 622 4397 Ι.
643 4344 666 4396 11
678 4388 684 4410 ,
699 4359 722 4398 c.
740 4350 765 4398 9.
