3650 5542
749 880 947 962 qn..-

363 1117 452 1170 rum
486 1091 702 1194 respondet.
740 1090 884 1165 Eadem
918 1087 1043 1163 media
1079 1085 1155 1163 dici
1189 1091 1332 1188 potest,

363 1235 456 1338 quia
475 1258 627 1311 summo
642 1232 688 1308 de
709 1231 832 1334 gradu
854 1229 967 1335 quasi
987 1229 1148 1331 dejecta,
1170 1227 1336 1306 inforio-

365 1401 446 1453 rem
483 1378 646 1478 occupat
678 1373 828 1470 looum,
871 1371 938 1448 ubi
980 1372 1014 1448 si
1047 1395 1125 1448 non
1158 1369 1332 1473 plenam,

363 1518 570 1624 quamdam
588 1522 720 1595 tamen
740 1515 868 1593 adhuc
886 1514 1015 1592 luoem
1039 1511 1198 1591 emittit.
1223 1512 1336 1589 Hane

364 1659 482 1737 etiam
504 1658 718 1734 humanam
736 1655 893 1755 dieunt,
920 1655 1021 1760 qnod
1045 1657 1092 1732 ab
1110 1653 1335 1732 hominibus

364 1799 517 1902 pendet,
538 1800 586 1875 ab
604 1798 828 1875 hominibus
844 1798 963 1876 datur
982 1802 1020 1877 et
1035 1797 1216 1901 eripitur,
1236 1797 1335 1901 quod

261 1935 265 1941 ’
363 1941 442 2017 fere
460 1945 541 2018 tota
560 1947 742 2018 versatur
761 1939 865 2018 inter
883 1940 1075 2018 homines.
1155 1996 1162 2015 .

420 2116 438 2149 n
460 2083 547 2159 Non
567 2082 677 2158 modo
696 2107 820 2183 reges,
838 2082 1106 2183 imperatores,
1118 2082 1250 2180 duoes,
1270 2082 1335 2159 sed

363 2225 481 2303 etiam
499 2230 684 2322 oratores,
702 2222 837 2327 poetae,
860 2249 991 2301 rerum
1012 2225 1233 2327 scriptores,
1251 2248 1336 2300 eru·

364 2367 436 2444 diti
463 2367 564 2464 viri,
591 2368 735 2445 summi
760 2367 954 2464 artifioeS,
977 2392 1109 2445 omnes
1131 2392 1201 2444 suo
1222 2368 1332 2469 jure,

363 2510 484 2587 variis
509 2510 682 2606 artibus,
704 2508 852 2613 dispari
872 2509 991 2585 etiam
1018 2533 1219 2606 mensura,
1248 2534 1336 2586 me-

363 2653 467 2730 diam
482 2653 646 2755 gloriam
666 2654 805 2730 debent
824 2652 1010 2755 accipere.
1029 2653 1086 2729 De
1101 2654 1242 2756 quibus
1261 2654 1337 2729 erit

364 2792 498 2869 ordine
517 2794 800 2872 disserendum.

420 2969 438 3001 n
460 2935 591 3020 Quum
627 2961 721 3014 vera
752 2935 945 3038 sapientia
980 2936 1027 3012 ad
1063 2936 1189 3013 Deum
1226 2934 1336 3012 modo

365 3085 529 3183 spectet,
552 3085 591 3157 et
615 3081 727 3157 nulla
751 3080 828 3157 fere
852 3080 1027 3157 humana
1046 3085 1157 3181 egeat
1180 3066 1338 3183 ope,'ut

363 3227 538 3324 optatum
566 3221 792 3324 praemium,
823 3219 860 3296 id
887 3224 970 3315 est,
997 3222 1146 3318 Deum,
1180 3214 1336 3297 tandem

362 3346 573 3465 possideat,
596 3387 641 3439 ea
667 3367 802 3439 eontra
820 3363 865 3439 de
885 3388 963 3466 qua
989 3387 1095 3438 nune
1115 3361 1334 3464 loquimur,

363 3502 489 3579 media
503 3506 542 3579 et
556 3502 779 3604 imperfecta
797 3500 937 3603 gloria,
960 3502 1141 3598 fortunae,
1164 3501 1333 3598 casibus,

361 3640 598 3742 temporibus
619 3640 841 3743 subjicitur,
865 3641 930 3718 sed
947 3644 1039 3717 ante
1054 3640 1185 3717 omnia
1204 3641 1337 3717 homi-

362 3806 457 3857 num
472 3782 634 3884 judiciis
654 3782 721 3885 qui
742 3807 827 3858 eam
846 3782 1013 3886 ouique,
1038 3786 1082 3858 ut
1102 3782 1270 3878 meruit,
1293 3788 1338 3860 ut

361 3920 533 4023 placuit,
555 3945 674 3997 avara
692 3922 754 3998 vel
774 3921 927 3997 liberali
948 3920 1180 4021 largiuntur
1199 3946 1332 4000 manu.

419 4093 437 4125 n
460 4060 666 4138 Uberrima
693 4066 753 4137 est
779 4063 826 4138 de
850 4061 977 4139 media
1003 4062 1129 4163 gloria
1155 4062 1332 4166 quaestio.

363 4201 408 4277 In
427 4201 499 4279 hoo
517 4202 622 4279 enim
637 4228 790 4305 genere,
806 4205 881 4283 etsi
896 4229 974 4280 non
991 4203 1183 4307 optimum
1199 4208 1272 4303 est,
1292 4204 1336 4281 li·

362 4341 486 4419 barali
502 4348 631 4421 tamen
647 4348 686 4421 et
700 4345 881 4442 honesto,
898 4344 1176 4421 diversissimae
1193 4346 1336 4448 speeies
