3650 5542
768 878 968 943 ..39-

380 1068 532 1171 quoties
550 1068 597 1145 de
615 1069 742 1170 gloria
759 1069 925 1168 diceret,
948 1072 1144 1152 insidebat
1163 1073 1205 1150 in
1224 1080 1355 1153 mente

380 1207 525 1311 species
558 1234 604 1285 ea
634 1210 803 1312 perfecta
834 1210 996 1313 gloriae,
1026 1238 1144 1317 quam
1173 1218 1354 1293 cernebat

380 1348 528 1446 animo,
569 1349 697 1452 reipsa
729 1375 807 1428 non
839 1351 1018 1451 videbat,
1055 1380 1174 1458 quam
1211 1356 1352 1435 nullus

381 1490 494 1567 homo
517 1517 692 1595 unquam
718 1470 760 1568 in
779 1516 884 1569 mero
912 1493 1068 1572 homine
1087 1496 1206 1593 vidit,
1229 1523 1351 1600 quum

378 1629 598 1709 substantia
617 1633 702 1734 ejus
722 1636 761 1709 et
779 1633 982 1736 plenitudo
1002 1638 1084 1712 tota
1103 1636 1146 1711 in
1161 1636 1241 1713 Deo
1260 1663 1351 1714 ma-

378 1768 502 1868 neat¹‚
524 1796 593 1849 nos
614 1777 744 1850 autem
764 1775 953 1877 quasdam
972 1775 1116 1854 divinae
1140 1802 1248 1855 auree
1267 1805 1351 1881 par·

377 1909 520 1988 1133133
548 1912 692 2015 raptim
723 1917 763 1991 et
787 1914 925 1991 furtim
952 1915 1242 2020 nobismetipsis
1269 1918 1352 1996 vin·

377 2052 564 2133 dicemus,

428 2196 552 2273 Marci
577 2196 699 2275 Tullii
717 2199 802 2299 jam
828 2196 969 2273 exinde
989 2196 1100 2273 modo
1123 2199 1208 2300 ipsa
1232 2201 1351 2276 verba

376 2341 665 2437 expromentem
705 2338 817 2414 modo
858 2359 1019 2413 sensum
1062 2336 1347 2439 exprimenteS,

376 2503 462 2580 quae
489 2477 542 2554 sit
566 2476 701 2580 gloriae
723 2481 886 2574 natura,
905 2503 982 2581 qua
1002 2478 1049 2553 ad
1073 2503 1158 2555 eam
1183 2478 1249 2555 via
1278 2503 1348 2555 nos

375 2617 527 2720 ingredi
546 2621 739 2720 oporteat,
761 2643 857 2722 quos
877 2618 1034 2695 tandem
1054 2618 1207 2695 fruetus
1226 2619 1345 2714 ferat,

373 2758 480 2835 brevi
499 2763 539 2835 et
558 2759 727 2862 simplici
746 2760 858 2863 quasi
886 2760 1021 2837 tabula
1040 2784 1232 2861 exponere
1255 2763 1348 2838 ten-

374 2897 558 2977 tabimus.

428 3073 448 3107 n
471 3039 679 3117 Humanas
708 3040 885 3136 animus,
911 3041 1114 3143 decerptus
1143 3066 1191 3117 ex
1219 3045 1348 3118 mente

373 3178 528 3276 divina,
550 3203 640 3255 cum
663 3178 740 3256 alio
767 3178 898 3276 nullo,
922 3178 1001 3255 nisi
1026 3203 1114 3255 cum
1134 3178 1218 3281 ipso
1238 3180 1343 3275 Deo,

374 3319 408 3395 si
433 3319 504 3396 hoo
531 3319 590 3395 fas
617 3322 677 3396 est
702 3318 830 3414 dictu,
857 3318 1073 3421 comparari
1101 3320 1240 3421 potest.
1271 3316 1347 3393 Hio

373 3459 497 3561 igitur
516 3484 638 3563 quum
660 3459 780 3537 talem
805 3457 997 3560 originem
1019 3458 1181 3554 habeat,
1204 3481 1347 3559 magna

409 3820 416 3853 ⁴
434 3817 503 3873 Dion
514 3832 530 3872 3
541 3816 591 3873 fait
605 3821 694 3873 tontes
704 3816 801 3873 choses
812 3831 883 3889 pour
894 3816 946 3884 lui,
959 3814 976 3871 il
990 3832 1024 3872 ne
1036 3822 1101 3889 peut
1109 3816 1209 3888 jamais
1222 3816 1346 3871 1133313-

371 3906 432 3962 voir
442 3905 507 3979 qu'b
519 3905 557 3961 lui
571 3906 629 3963 seul
641 3950 648 3974 ,
662 3912 690 3961 et
702 3906 721 3960 11
732 3922 761 3962 33
775 3905 834 3962 doit
847 3912 907 3961 tout
910 3947 964 3961 .....
981 3906 1019 3961 Le
1033 3913 1146 3978 rapport
1169 3904 1296 3960 essentiel
1312 3904 1347 3959 de

371 3996 533 4052 recreatore
548 4011 580 4050 33
594 3995 718 4051 createur
740 3995 821 4053 astla
843 3994 879 4050 fin
892 3996 1046 4052 essentielle
1064 3996 1099 4053 de
1113 3996 1139 4051 13
1158 3994 1279 4051 31331133
1293 4011 1299 4061 ;
1314 4010 1346 4049 33

369 4089 480 4156 rapport
492 4089 535 4140 est
548 4098 579 4139 ee
600 4099 653 4156 que
676 4100 746 4139 nous
767 4083 899 4156 appelons
914 4100 945 4139 sa
960 4082 1105 4155 gleire.....
1124 4082 1145 4137 11
1167 4082 1297 4154 sausque
1317 4084 1346 4153 je

371 4178 498 4245 rapporte
510 4171 686 4244 uniquement
699 4169 715 4226 b
729 4171 766 4226 lui
781 4171 839 4228 seul
854 4176 916 4226 tout
935 4187 966 4228 ce
980 4188 1034 4244 que
1047 4173 1075 4243 je
1090 4170 1166 4240 suis,
1188 4184 1234 4225 oar
1245 4170 1273 4240 je
1285 4169 1345 4224 dois

370 4260 408 4315 131
430 4260 528 4315 rendre
547 4267 606 4315 tout
625 4276 657 4316 ce
677 4260 743 4333 qu’it
761 4262 813 4315 m'a
836 4259 927 4315 donne
943 4260 1111 4332 (Firmos,
1128 4259 1206 4315 lettre
1219 4262 1248 4312 3⁰
1260 4274 1306 4312 sur
1322 4257 1346 4311 13

370 4348 599 4421 metaphysique).
