3650 5542
863 824 1060 891 ..38-

477 1014 605 1110 trina,
645 1014 876 1092 auctoritate
912 1015 1059 1109 fretuS,
1095 1016 1287 1119 attingere
1324 1043 1444 1095 ausus

477 1181 578 1233 sum.

529 1294 611 1373 Cur
625 1300 811 1399 praeterea
830 1296 1028 1393 Ciceroni,
1050 1301 1131 1373 tam
1156 1298 1252 1373 bene
1275 1322 1446 1400 praeser-

477 1436 548 1514 tim
567 1437 613 1514 16
633 1436 716 1513 suis
737 1436 888 1513 civibus
908 1440 947 1514 61
964 1437 1011 1514 (16
1030 1436 1257 1540 posteritate
1280 1436 1445 1535 merito,
1506 1508 1510 1514 .

477 1579 516 1655 id
535 1601 613 1654 nou
634 1576 789 1673 liceret,
811 1576 1065 1681 quodmultis
1081 1601 1151 1653 nee
1165 1576 1333 1679 egregiis
1348 1577 1447 1656 viris

476 1716 613 1813 licuit,
635 1718 736 1821 quod
755 1722 899 1795 nostrae
919 1717 1105 1795 imbecilli
1124 1722 1277 1795 naturae
1298 1742 1448 1821 semper

476 1856 620 1968 optimo
638 1858 730 1959 jure
754 1858 998 1954 concedetur,
1030 1857 1180 1937 scilicet
1198 1859 1244 1961 ut
1266 1858 1359 1935 dum
1382 1858 1448 1935 lo-

476 2001 662 2102 queretur
675 1996 821 2095 divine,
840 1999 1011 2077 humane
1025 2001 1156 2076 tamen
1172 2023 1285 2101 agere
1304 1996 1448 2075 videre-

477 2141 566 2220 tur?
583 2140 717 2217 Liceat
735 2140 845 2217 nobis
866 2140 908 2217 in
928 2120 1004 2218 tali
1019 2139 1126 2238 viro,
1149 2140 1191 2217 in
1211 2140 1282 2218 tali
1302 2164 1444 2236 causa,

477 2282 581 2360 diota
609 2286 803 2385 repetere,
829 2282 938 2360 etad
967 2280 1091 2385 ipsius
1118 2280 1380 2358 defensionem
1400 2281 1449 2357 ad

478 2421 610 2498 hibere
628 2446 715 2525 quae
734 2421 780 2497 (16
800 2445 951 2497 summo
970 2426 1010 2497 et
1033 2420 1137 2497 omni
1162 2413 1325 2498 numero
1343 2407 1448 2498 ahso-

478 2560 562 2636 lutc
580 2563 732 2636 oratore
751 2562 863 2637 tanta
880 2559 1107 2663 prudentia,
1133 2562 1245 2638 tanta
1270 2560 1449 2637 auctori-

479 2702 559 2775 tate
586 2698 924 2800 pronuntiaverit,
955 2704 1001 2777 ut
1027 2726 1071 2777 ea
1095 2698 1174 2777 fere
1202 2700 1244 2776 in
1271 2698 1447 2776 omnium

404 2914 407 2919 .
478 2838 720 2917 eruditorum
753 2840 949 2917 mentibus
985 2841 1225 2943 infigantur,
1252 2844 1292 2918 et
1322 2841 1368 2916 ab
1397 2839 1446 2916 iis

477 2983 563 3059 dem
583 2978 754 3084 quotidie
773 2984 1012 3082 repetantur.
1036 2983 1114 3059 Nos
1140 2982 1263 3083 igitur
1283 2982 1339 3059 sic
1359 2984 1398 3058 st
1421 3026 1447 3039 -

473 3119 628 3228 tuimus
659 3118 761 3196 nihil
788 3145 872 3195 esse
899 3119 941 3195 in
969 3121 1051 3197 ullo
1078 3123 1323 3223 generatam
1348 3120 1447 3223 pul-

477 3260 637 3357 chrum,
673 3286 748 3364 quo
776 3285 853 3337 non
882 3260 1088 3363 pulchrius
1108 3260 1146 3337 id
1167 3260 1239 3357 sit,
1268 3261 1371 3337 unde
1390 3259 1447 3336 il-

475 3398 566 3494 lud,
601 3402 647 3475 ut
669 3424 717 3475 ex
743 3424 808 3476 ore
835 3399 985 3503 aliquo,
1012 3400 1125 3504 quasi
1155 3400 1282 3503 imago
1309 3399 1447 3504 expri-

476 3543 621 3636 matur,
649 3540 748 3642 quod
776 3563 901 3643 neque
929 3540 1076 3637 oculis,
1106 3564 1231 3645 neque
1257 3538 1443 3637 auribus,

476 3704 545 3757 nec
578 3680 659 3757 ullo
696 3706 813 3757 sensu
847 3680 992 3783 percipi
1026 3680 1170 3783 possit,
1210 3680 1457 3781 cogitatione*

475 3824 632 3898 tantum
664 3824 703 3898 et
738 3824 867 3898 mente
900 3820 1207 3924 complectimur.
1245 3819 1444 3923 Quidquid

473 3964 533 4037 est
566 3959 689 4063 igitur
725 3960 772 4037 (16
804 3986 880 4064 quo
911 3958 1062 4037 ratione
1092 3962 1132 4037 61
1162 3958 1229 4037 via
1261 3958 1444 4063 disputa-

472 4103 554 4196 tur,
576 4100 615 4176 id
641 4104 700 4177 est
727 4101 775 4176 ad
800 4099 982 4177 ultimam
1008 4099 1070 4176 sui
1100 4100 1255 4202 generis
1281 4100 1445 4177 formam

473 4241 714 4346 speciemque
741 4242 1008 4341 redigendum.
1048 4243 1183 4345 ltaque
1210 4244 1264 4321 hl.
1297 4242 1443 4327 Tullii.
