3650 5542
842 856 1039 919 „22-

456 1077 526 1129 nec
553 1078 594 1128 sc
619 1051 826 1127 admodum
845 1047 974 1149 frangi
1001 1052 1039 1123 et
1058 1046 1236 1124 enervari
1256 1045 1423 1142 sineret,

454 1194 556 1296 apud
599 1191 807 1267 Diodotum
854 1188 1021 1265 stoicum
1067 1189 1282 1291 saepissime
1324 1188 1422 1282 fuit,

453 1332 592 1409 deinde
614 1332 716 1433 apud
735 1330 998 1425 Antiochum,
1020 1332 1066 1407 de
1084 1356 1160 1433 quo
1179 1330 1220 1407 in
1240 1330 1287 1407 de
1304 1330 1426 1432 Legi-

452 1473 524 1549 bus
545 1470 600 1548 ita
620 1470 781 1547 scribit:
804 1504 822 1538 u
841 1469 903 1546 vir
923 1468 996 1545 iste
1015 1469 1092 1546 fuit
1111 1472 1303 1571 prudens,
1326 1474 1365 1546 et
1385 1470 1425 1546 in

455 1648 474 1680 a
496 1639 566 1689 suo
585 1638 726 1715 genere
740 1613 954 1714 perfectus,
973 1612 1172 1716 mihique,
1192 1616 1237 1690 ut
1253 1612 1352 1709 scis,
1374 1613 1425 1690 fa·

457 1789 475 1821 „
498 1754 679 1831 milleris,
701 1788 720 1821 ν

505 1900 560 1974 llo
588 1896 713 1998 igitur
739 1894 1011 1997 praecipiente,
1045 1895 1301 1998 philosophiae
1334 1900 1426 1971 stu-

453 2039 561 2115 dium
597 2062 800 2141 nunquam
837 2036 1132 2133 intermissum,
1168 2064 1191 2114 a
1225 2038 1427 2140 primaque

403 2232 410 2245 ,
453 2178 731 2275 adolescentia,
749 2182 795 2255 ut
813 2178 1006 2275 diximus,
1029 2180 1201 2276 cultum,
1219 2184 1258 2257 et
1278 2206 1427 2283 semper
1471 2173 1473 2177 ⁴

455 2326 636 2417 auctum,
659 2322 752 2397 dum
775 2320 943 2421 Athenis
968 2325 1285 2417 commoraretur,
1308 2346 1426 2398 reno-

453 2465 574 2542 vavit.
603 2462 823 2541 Antiochus
853 2487 944 2537 vero
974 2463 1242 2565 appellabatur
1270 2462 1425 2566 quidem

454 2605 723 2700 Academicus
743 2604 807 2679 sed
826 2606 910 2679 erat
924 2604 1247 2704 germanissimus
1268 2604 1423 2699 Stoicis,

453 2753 511 2845 et,
540 2747 676 2824 relicta
706 2745 908 2823 Oameadis
947 2749 1078 2842 secta,
1115 2751 1427 2851 commutatoque

454 2888 656 2983 institute,
678 2886 887 2989 Chrysippi
915 2891 954 2962 et
981 2887 1144 2962 Zenonis
1173 2887 1327 2963 decreta
1354 2884 1426 2961 de-

452 3030 642 3106 fendebat.
662 3030 803 3105 Noster
817 3052 907 3104 vero
918 3089 927 3124 ,
940 3052 1057 3130 quum
1073 3053 1117 3104 ea
1132 3054 1218 3131 quae
1233 3029 1279 3105 ab
1294 3027 1427 3103 Antio-

453 3173 524 3248 cho
553 3172 593 3247 in
621 3169 867 3273 philosophia
891 3174 1144 3267 novarentur,
1168 3196 1245 3247 non
1271 3171 1428 3247 omnino
1514 3274 1520 3281 .

452 3314 649 3415 probaret,
672 3314 757 3414 ejus
783 3316 913 3389 tamen
929 3311 1048 3413 ‘copia
1067 3316 1105 3387 et
1124 3312 1251 3412 lepore
1274 3308 1425 3386 dicendi

452 3456 544 3531 adeo
563 3456 777 3532 delectatus
796 3459 877 3550 est,
897 3460 942 3531 ut
956 3458 1056 3532 totos
1078 3479 1145 3529 sex
1166 3477 1317 3529 menses
1337 3476 1425 3527 curn

450 3596 519 3673 illo
534 3596 666 3674 suerit.
685 3596 833 3673 Deinde
848 3596 979 3672 codem
996 3593 1184 3695 magistro
1200 3590 1424 3669 Ciceronem

450 3743 631 3821 hortante
658 3747 704 3820 ut
731 3742 1010 3846 rempublicam
1045 3741 1285 3843 capesseret,
1313 3741 1353 3814 et
1384 3737 1425 3813 in

451 3884 605 3986 magnis
639 3884 867 3961 muneribus
901 3881 1168 3979 obeundis,in
1202 3878 1424 3956 hominibus

451 4026 655 4128 regendis,
683 4028 777 4131 quid
807 4025 969 4121 auxilii,
1001 4024 1094 4128 quid
1122 4020 1309 4099 utilitatis
1330 4020 1424 4123 phi—

449 4169 625 4271 losophia
658 4170 855 4265 conferat,
893 4168 1049 4244 tandem
1081 4162 1349 4265 experiretur,
1384 4162 1423 4238 in

449 4310 616 4411 patriam
654 4312 779 4389 redire
822 4309 1057 4403 constituit,
1099 4305 1421 4408 philosophorum
