<?xml version="1.0" encoding="UTF-8"?>
<!DOCTYPE html PUBLIC "-//W3C//DTD XHTML 1.0 Transitional//EN"
    "http://www.w3.org/TR/xhtml1/DTD/xhtml1-transitional.dtd">
<html xmlns="http://www.w3.org/1999/xhtml" xml:lang="en" lang="en">
 <head>
  <title>
</title>
<meta http-equiv="Content-Type" content="text/html;charset=utf-8" />
  <meta name='ocr-system' content='tesseract 3.04.00' />
  <meta name='ocr-capabilities' content='ocr_page ocr_carea ocr_par ocr_line ocrx_word'/>
</head>
<body>
  <div class='ocr_page' id='page_1' title='image "./quiddegloriasen00chargoog_0037.png"; bbox 0 0 3650 5542; ppageno 0'>
   <div class='ocr_carea' id='block_1_1' title="bbox 774 877 974 939">
    <p class='ocr_par' dir='ltr' id='par_1_1' title="bbox 774 877 974 939">
     <span class='ocr_line' id='line_1_1' title="bbox 774 877 974 939; baseline 0 -16"><span class='ocrx_word' id='word_1_1' title='bbox 774 877 974 939; x_wconf 72' lang='lat'>...31-</span> 
     </span>
    </p>
   </div>
   <div class='ocr_carea' id='block_1_2' title="bbox 375 1049 1388 4531">
    <p class='ocr_par' dir='ltr' id='par_1_2' title="bbox 375 1049 1388 4531">
     <span class='ocr_line' id='line_1_2' title="bbox 432 1049 1348 1168; baseline 0.001 -27"><span class='ocrx_word' id='word_1_2' title='bbox 432 1066 526 1161; x_wconf 91' lang='lat' dir='ltr'>Hos,</span> <span class='ocrx_word' id='word_1_3' title='bbox 548 1064 749 1168; x_wconf 91' lang='lat' dir='ltr'>dequibus</span> <span class='ocrx_word' id='word_1_4' title='bbox 769 1066 883 1166; x_wconf 86' lang='lat' dir='ltr'>paulo</span> <span class='ocrx_word' id='word_1_5' title='bbox 902 1069 993 1141; x_wconf 90' lang='lat' dir='ltr'>ante</span> <span class='ocrx_word' id='word_1_6' title='bbox 1011 1064 1109 1161; x_wconf 86' lang='lat' dir='ltr'>dixi,</span> <span class='ocrx_word' id='word_1_7' title='bbox 1129 1049 1271 1142; x_wconf 87' lang='lat' dir='ltr'>veteris</span> <span class='ocrx_word' id='word_1_8' title='bbox 1291 1090 1348 1142; x_wconf 91' lang='lat' dir='ltr'>ro·</span> 
     </span>
     <span class='ocr_line' id='line_1_3' title="bbox 377 1204 1348 1308; baseline -0.003 -25"><span class='ocrx_word' id='word_1_9' title='bbox 377 1230 503 1283; x_wconf 86' lang='lat' dir='ltr'>manae</span> <span class='ocrx_word' id='word_1_10' title='bbox 534 1205 756 1308; x_wconf 91' lang='lat' dir='ltr'>reipublicae</span> <span class='ocrx_word' id='word_1_11' title='bbox 786 1206 890 1281; x_wconf 91' lang='lat' dir='ltr'>viros</span> <span class='ocrx_word' id='word_1_12' title='bbox 919 1207 974 1282; x_wconf 89' lang='lat' dir='ltr'>M.</span> <span class='ocrx_word' id='word_1_13' title='bbox 1007 1204 1165 1281; x_wconf 83' lang='lat' dir='ltr'>Tullius</span> <span class='ocrx_word' id='word_1_14' title='bbox 1196 1230 1348 1307; x_wconf 80' lang='lat' dir='ltr'>semper</span> 
     </span>
     <span class='ocr_line' id='line_1_4' title="bbox 378 1343 1348 1448; baseline 0 -27"><span class='ocrx_word' id='word_1_15' title='bbox 378 1344 615 1448; x_wconf 81' lang='lat' dir='ltr'>respexisse,</span> <span class='ocrx_word' id='word_1_16' title='bbox 638 1370 787 1446; x_wconf 83' lang='lat' dir='ltr'>semper</span> <span class='ocrx_word' id='word_1_17' title='bbox 806 1344 848 1421; x_wconf 91' lang='lat' dir='ltr'>in</span> <span class='ocrx_word' id='word_1_18' title='bbox 867 1343 991 1421; x_wconf 91' lang='lat' dir='ltr'>oculis</span> <span class='ocrx_word' id='word_1_19' title='bbox 1011 1344 1215 1441; x_wconf 88' lang='lat' dir='ltr'>hahuisse,</span> <span class='ocrx_word' id='word_1_20' title='bbox 1239 1370 1348 1421; x_wconf 92' lang='lat' dir='ltr'>sem-</span> 
     </span>
     <span class='ocr_line' id='line_1_5' title="bbox 377 1484 1348 1589; baseline 0 -28"><span class='ocrx_word' id='word_1_21' title='bbox 377 1511 446 1587; x_wconf 89' lang='lat' dir='ltr'>per</span> <span class='ocrx_word' id='word_1_22' title='bbox 459 1485 533 1564; x_wconf 89' lang='lat' dir='ltr'>sibi</span> <span class='ocrx_word' id='word_1_23' title='bbox 548 1485 757 1565; x_wconf 86' lang='lat' dir='ltr'>imitandos</span> <span class='ocrx_word' id='word_1_24' title='bbox 772 1484 1018 1588; x_wconf 89' lang='lat' dir='ltr'>proposuisse</span> <span class='ocrx_word' id='word_1_25' title='bbox 1037 1485 1208 1582; x_wconf 89' lang='lat' dir='ltr'>videtur,</span> <span class='ocrx_word' id='word_1_26' title='bbox 1225 1510 1348 1589; x_wconf 93' lang='lat' dir='ltr'>quum</span> 
     </span>
     <span class='ocr_line' id='line_1_6' title="bbox 375 1626 1344 1729; baseline -0.001 -25"><span class='ocrx_word' id='word_1_27' title='bbox 375 1651 479 1705; x_wconf 76' lang='lat' dir='ltr'>verae</span> <span class='ocrx_word' id='word_1_28' title='bbox 511 1626 646 1729; x_wconf 88' lang='lat' dir='ltr'>gloriae</span> <span class='ocrx_word' id='word_1_29' title='bbox 669 1626 845 1729; x_wconf 88' lang='lat' dir='ltr'>exempla</span> <span class='ocrx_word' id='word_1_30' title='bbox 867 1626 1038 1729; x_wconf 89' lang='lat' dir='ltr'>undique</span> <span class='ocrx_word' id='word_1_31' title='bbox 1072 1629 1238 1728; x_wconf 86' lang='lat' dir='ltr'>peteret.</span> <span class='ocrx_word' id='word_1_32' title='bbox 1275 1627 1344 1722; x_wconf 81' lang='lat' dir='ltr'>ht,</span> 
     </span>
     <span class='ocr_line' id='line_1_7' title="bbox 375 1763 1348 1869; baseline 0 -29"><span class='ocrx_word' id='word_1_33' title='bbox 375 1788 496 1867; x_wconf 94' lang='lat' dir='ltr'>quum</span> <span class='ocrx_word' id='word_1_34' title='bbox 511 1764 552 1841; x_wconf 92' lang='lat' dir='ltr'>in</span> <span class='ocrx_word' id='word_1_35' title='bbox 568 1764 649 1841; x_wconf 92' lang='lat' dir='ltr'>illis</span> <span class='ocrx_word' id='word_1_36' title='bbox 664 1763 812 1868; x_wconf 85' lang='lat' dir='ltr'>aliquid</span> <span class='ocrx_word' id='word_1_37' title='bbox 832 1766 927 1841; x_wconf 90' lang='lat' dir='ltr'>rude</span> <span class='ocrx_word' id='word_1_38' title='bbox 946 1764 1096 1862; x_wconf 87' lang='lat' dir='ltr'>adhue,</span> <span class='ocrx_word' id='word_1_39' title='bbox 1115 1769 1153 1842; x_wconf 88' lang='lat' dir='ltr'>et</span> <span class='ocrx_word' id='word_1_40' title='bbox 1168 1765 1348 1869; x_wconf 75' lang='lat' dir='ltr'>quaedam</span> 
     </span>
     <span class='ocr_line' id='line_1_8' title="bbox 377 1903 1348 2007; baseline 0.001 -27"><span class='ocrx_word' id='word_1_41' title='bbox 377 1903 489 2007; x_wconf 88' lang='lat' dir='ltr'>quasi</span> <span class='ocrx_word' id='word_1_42' title='bbox 516 1929 662 2006; x_wconf 87' lang='lat' dir='ltr'>asperae</span> <span class='ocrx_word' id='word_1_43' title='bbox 690 1904 938 2007; x_wconf 75' lang='lat' dir='ltr'>antiquitatis</span> <span class='ocrx_word' id='word_1_44' title='bbox 965 1903 1133 2006; x_wconf 81' lang='lat' dir='ltr'>vestigia</span> <span class='ocrx_word' id='word_1_45' title='bbox 1164 1928 1348 1981; x_wconf 87' lang='lat' dir='ltr'>remane-</span> 
     </span>
     <span class='ocr_line' id='line_1_9' title="bbox 380 2044 1350 2147; baseline 0.001 -27"><span class='ocrx_word' id='word_1_46' title='bbox 380 2047 484 2142; x_wconf 87' lang='lat' dir='ltr'>rent,</span> <span class='ocrx_word' id='word_1_47' title='bbox 502 2045 708 2146; x_wconf 83' lang='lat' dir='ltr'>perfectam</span> <span class='ocrx_word' id='word_1_48' title='bbox 732 2046 888 2122; x_wconf 89' lang='lat' dir='ltr'>tandem</span> <span class='ocrx_word' id='word_1_49' title='bbox 905 2044 1072 2147; x_wconf 84' lang='lat' dir='ltr'>gloriam</span> <span class='ocrx_word' id='word_1_50' title='bbox 1093 2070 1133 2121; x_wconf 92' lang='lat' dir='ltr'>se</span> <span class='ocrx_word' id='word_1_51' title='bbox 1153 2051 1350 2123; x_wconf 87' lang='lat' dir='ltr'>assecutu-</span> 
     </span>
     <span class='ocr_line' id='line_1_10' title="bbox 380 2184 1350 2281; baseline -0.001 -21"><span class='ocrx_word' id='word_1_52' title='bbox 380 2210 468 2261; x_wconf 92' lang='lat' dir='ltr'>rum</span> <span class='ocrx_word' id='word_1_53' title='bbox 487 2184 750 2281; x_wconf 89' lang='lat' dir='ltr'>existimavit,</span> <span class='ocrx_word' id='word_1_54' title='bbox 776 2185 810 2262; x_wconf 91' lang='lat' dir='ltr'>si</span> <span class='ocrx_word' id='word_1_55' title='bbox 829 2185 1002 2263; x_wconf 87' lang='lat' dir='ltr'>eamdem</span> <span class='ocrx_word' id='word_1_56' title='bbox 1022 2184 1293 2261; x_wconf 90' lang='lat' dir='ltr'>humaniorem</span> <span class='ocrx_word' id='word_1_57' title='bbox 1312 2190 1350 2262; x_wconf 93' lang='lat' dir='ltr'>et</span> 
     </span>
     <span class='ocr_line' id='line_1_11' title="bbox 379 2323 1350 2429; baseline 0.004 -31"><span class='ocrx_word' id='word_1_58' title='bbox 379 2323 566 2401; x_wconf 92' lang='lat' dir='ltr'>leniorem</span> <span class='ocrx_word' id='word_1_59' title='bbox 580 2323 822 2401; x_wconf 84' lang='lat' dir='ltr'>exhibuisset</span> <span class='ocrx_word' id='word_1_60' title='bbox 839 2324 1028 2403; x_wconf 83' lang='lat' dir='ltr'>virtutem</span> <span class='ocrx_word' id='word_1_61' title='bbox 1043 2386 1052 2423; x_wconf 91' lang='lat'>,</span> <span class='ocrx_word' id='word_1_62' title='bbox 1068 2326 1103 2403; x_wconf 93' lang='lat' dir='ltr'>si</span> <span class='ocrx_word' id='word_1_63' title='bbox 1117 2351 1250 2429; x_wconf 89' lang='lat' dir='ltr'>parem</span> <span class='ocrx_word' id='word_1_64' title='bbox 1265 2350 1350 2428; x_wconf 84' lang='lat' dir='ltr'>gra·</span> 
     </span>
     <span class='ocr_line' id='line_1_12' title="bbox 379 2464 1350 2569; baseline 0.005 -29"><span class='ocrx_word' id='word_1_65' title='bbox 379 2464 561 2561; x_wconf 88' lang='lat' dir='ltr'>vitatem,</span> <span class='ocrx_word' id='word_1_66' title='bbox 583 2489 715 2568; x_wconf 90' lang='lat' dir='ltr'>parem</span> <span class='ocrx_word' id='word_1_67' title='bbox 734 2467 1017 2565; x_wconf 79' lang='lat' dir='ltr'>constantiam,</span> <span class='ocrx_word' id='word_1_68' title='bbox 1039 2493 1172 2569; x_wconf 88' lang='lat' dir='ltr'>parem</span> <span class='ocrx_word' id='word_1_69' title='bbox 1193 2469 1350 2545; x_wconf 92' lang='lat' dir='ltr'>modes-</span> 
     </span>
     <span class='ocr_line' id='line_1_13' title="bbox 381 2604 1351 2709; baseline 0.005 -29"><span class='ocrx_word' id='word_1_70' title='bbox 381 2604 495 2700; x_wconf 88' lang='lat' dir='ltr'>tiam,</span> <span class='ocrx_word' id='word_1_71' title='bbox 513 2604 676 2701; x_wconf 88' lang='lat' dir='ltr'>litteris,</span> <span class='ocrx_word' id='word_1_72' title='bbox 694 2604 960 2709; x_wconf 90' lang='lat' dir='ltr'>philosophia,</span> <span class='ocrx_word' id='word_1_73' title='bbox 979 2608 1119 2708; x_wconf 82' lang='lat' dir='ltr'>poetioa</span> <span class='ocrx_word' id='word_1_74' title='bbox 1133 2607 1253 2685; x_wconf 88' lang='lat' dir='ltr'>ctiam</span> <span class='ocrx_word' id='word_1_75' title='bbox 1268 2614 1351 2685; x_wconf 88' lang='lat' dir='ltr'>arte</span> 
     </span>
     <span class='ocr_line' id='line_1_14' title="bbox 381 2718 1350 2849; baseline 0.005 -31"><span class='ocrx_word' id='word_1_76' title='bbox 381 2730 627 2823; x_wconf 84' lang='lat' dir='ltr'>excoluisset.</span> <span class='ocrx_word' id='word_1_77' title='bbox 650 2746 786 2848; x_wconf 87' lang='lat' dir='ltr'>ltaque</span> <span class='ocrx_word' id='word_1_78' title='bbox 811 2771 956 2849; x_wconf 90' lang='lat' dir='ltr'>quum,</span> <span class='ocrx_word' id='word_1_79' title='bbox 983 2718 1194 2848; x_wconf 85' lang='lat' dir='ltr'>cujuslibet</span> <span class='ocrx_word' id='word_1_80' title='bbox 1222 2746 1350 2823; x_wconf 87' lang='lat' dir='ltr'>laudis</span> 
     </span>
     <span class='ocr_line' id='line_1_15' title="bbox 381 2884 1351 2990; baseline 0.004 -31"><span class='ocrx_word' id='word_1_81' title='bbox 381 2884 542 2982; x_wconf 86' lang='lat' dir='ltr'>avidus,</span> <span class='ocrx_word' id='word_1_82' title='bbox 559 2885 704 2987; x_wconf 83' lang='lat' dir='ltr'>poe&#39;sim</span> <span class='ocrx_word' id='word_1_83' title='bbox 723 2885 874 2983; x_wconf 87' lang='lat' dir='ltr'>leviter,</span> <span class='ocrx_word' id='word_1_84' title='bbox 893 2912 964 2964; x_wconf 89' lang='lat' dir='ltr'>nec</span> <span class='ocrx_word' id='word_1_85' title='bbox 983 2887 1068 2964; x_wconf 91' lang='lat' dir='ltr'>sine</span> <span class='ocrx_word' id='word_1_86' title='bbox 1086 2887 1232 2990; x_wconf 84' lang='lat' dir='ltr'>gloria,</span> <span class='ocrx_word' id='word_1_87' title='bbox 1250 2887 1351 2965; x_wconf 89' lang='lat' dir='ltr'>atti-</span> 
     </span>
     <span class='ocr_line' id='line_1_16' title="bbox 381 3024 1351 3130; baseline 0.005 -30"><span class='ocrx_word' id='word_1_88' title='bbox 381 3024 524 3126; x_wconf 87' lang='lat' dir='ltr'>gisset,</span> <span class='ocrx_word' id='word_1_89' title='bbox 546 3051 668 3130; x_wconf 93' lang='lat' dir='ltr'>quum</span> <span class='ocrx_word' id='word_1_90' title='bbox 686 3028 733 3103; x_wconf 90' lang='lat' dir='ltr'>de</span> <span class='ocrx_word' id='word_1_91' title='bbox 751 3031 835 3105; x_wconf 86' lang='lat' dir='ltr'>arte</span> <span class='ocrx_word' id='word_1_92' title='bbox 853 3027 1045 3125; x_wconf 86' lang='lat' dir='ltr'>oratoria,</span> <span class='ocrx_word' id='word_1_93' title='bbox 1073 3032 1118 3103; x_wconf 93' lang='lat' dir='ltr'>ut</span> <span class='ocrx_word' id='word_1_94' title='bbox 1137 3053 1249 3105; x_wconf 91' lang='lat' dir='ltr'>nemo</span> <span class='ocrx_word' id='word_1_95' title='bbox 1269 3053 1351 3105; x_wconf 85' lang='lat' dir='ltr'>un-</span> 
     </span>
     <span class='ocr_line' id='line_1_17' title="bbox 382 3166 1351 3271; baseline 0.001 -28"><span class='ocrx_word' id='word_1_96' title='bbox 382 3191 518 3271; x_wconf 88' lang='lat' dir='ltr'>quam,</span> <span class='ocrx_word' id='word_1_97' title='bbox 550 3166 802 3245; x_wconf 87' lang='lat' dir='ltr'>disseruisset</span> <span class='ocrx_word' id='word_1_98' title='bbox 823 3172 903 3243; x_wconf 89' lang='lat' dir='ltr'>tam</span> <span class='ocrx_word' id='word_1_99' title='bbox 933 3168 1139 3269; x_wconf 87' lang='lat' dir='ltr'>praeclara,</span> <span class='ocrx_word' id='word_1_100' title='bbox 1166 3192 1287 3271; x_wconf 93' lang='lat' dir='ltr'>quum</span> <span class='ocrx_word' id='word_1_101' title='bbox 1310 3167 1351 3245; x_wconf 91' lang='lat' dir='ltr'>in</span> 
     </span>
     <span class='ocr_line' id='line_1_18' title="bbox 381 3306 1352 3411; baseline 0.002 -28"><span class='ocrx_word' id='word_1_102' title='bbox 381 3306 627 3409; x_wconf 86' lang='lat' dir='ltr'>philosophia</span> <span class='ocrx_word' id='word_1_103' title='bbox 657 3307 843 3406; x_wconf 90' lang='lat' dir='ltr'>docenda,</span> <span class='ocrx_word' id='word_1_104' title='bbox 875 3308 1093 3411; x_wconf 85' lang='lat' dir='ltr'>vulganda,</span> <span class='ocrx_word' id='word_1_105' title='bbox 1125 3309 1352 3411; x_wconf 84' lang='lat' dir='ltr'>adaugenda</span> 
     </span>
     <span class='ocr_line' id='line_1_19' title="bbox 380 3447 1353 3551; baseline 0.001 -27"><span class='ocrx_word' id='word_1_106' title='bbox 380 3447 559 3551; x_wconf 86' lang='lat' dir='ltr'>princeps</span> <span class='ocrx_word' id='word_1_107' title='bbox 578 3448 845 3525; x_wconf 86' lang='lat' dir='ltr'>Romanorum</span> <span class='ocrx_word' id='word_1_108' title='bbox 864 3448 949 3526; x_wconf 92' lang='lat' dir='ltr'>sine</span> <span class='ocrx_word' id='word_1_109' title='bbox 967 3447 1229 3527; x_wconf 87' lang='lat' dir='ltr'>controversia</span> <span class='ocrx_word' id='word_1_110' title='bbox 1246 3448 1353 3525; x_wconf 86' lang='lat' dir='ltr'>fuis-</span> 
     </span>
     <span class='ocr_line' id='line_1_20' title="bbox 383 3587 1352 3692; baseline -0.001 -27"><span class='ocrx_word' id='word_1_111' title='bbox 383 3593 463 3686; x_wconf 88' lang='lat' dir='ltr'>set,</span> <span class='ocrx_word' id='word_1_112' title='bbox 487 3593 634 3691; x_wconf 87' lang='lat' dir='ltr'>partcm</span> <span class='ocrx_word' id='word_1_113' title='bbox 655 3593 784 3667; x_wconf 89' lang='lat' dir='ltr'>tamen</span> <span class='ocrx_word' id='word_1_114' title='bbox 803 3589 896 3666; x_wconf 85' lang='lat' dir='ltr'>vitae</span> <span class='ocrx_word' id='word_1_115' title='bbox 920 3591 1105 3692; x_wconf 89' lang='lat' dir='ltr'>majorem</span> <span class='ocrx_word' id='word_1_116' title='bbox 1131 3587 1352 3691; x_wconf 83' lang='lat' dir='ltr'>reipublieae</span> 
     </span>
     <span class='ocr_line' id='line_1_21' title="bbox 383 3727 1355 3826; baseline 0 -21"><span class='ocrx_word' id='word_1_117' title='bbox 383 3727 721 3826; x_wconf 90' lang='lat' dir='ltr'>administrandae,</span> <span class='ocrx_word' id='word_1_118' title='bbox 752 3733 791 3804; x_wconf 92' lang='lat' dir='ltr'>et</span> <span class='ocrx_word' id='word_1_119' title='bbox 810 3727 939 3806; x_wconf 87' lang='lat' dir='ltr'>causis</span> <span class='ocrx_word' id='word_1_120' title='bbox 965 3728 1144 3825; x_wconf 90' lang='lat' dir='ltr'>orandis,</span> <span class='ocrx_word' id='word_1_121' title='bbox 1173 3730 1217 3805; x_wconf 89' lang='lat' dir='ltr'>ut</span> <span class='ocrx_word' id='word_1_122' title='bbox 1237 3728 1355 3805; x_wconf 86' lang='lat' dir='ltr'>sibia</span> 
     </span>
     <span class='ocr_line' id='line_1_22' title="bbox 382 3865 1388 3971; baseline 0.002 -29"><span class='ocrx_word' id='word_1_123' title='bbox 382 3867 572 3970; x_wconf 91' lang='lat' dir='ltr'>principio</span> <span class='ocrx_word' id='word_1_124' title='bbox 590 3871 855 3971; x_wconf 90' lang='lat' dir='ltr'>proposuerat,</span> <span class='ocrx_word' id='word_1_125' title='bbox 874 3868 921 3944; x_wconf 89' lang='lat' dir='ltr'>ad</span> <span class='ocrx_word' id='word_1_126' title='bbox 937 3867 1122 3945; x_wconf 90' lang='lat' dir='ltr'>ultimum</span> <span class='ocrx_word' id='word_1_127' title='bbox 1142 3867 1220 3943; x_wconf 85' lang='lat' dir='ltr'>fere</span> <span class='ocrx_word' id='word_1_128' title='bbox 1234 3865 1350 3963; x_wconf 88' lang='lat' dir='ltr'>diem,</span> <span class='ocrx_word' id='word_1_129' title='bbox 1381 3900 1388 3907; x_wconf 90' lang='lat'><strong>·</strong></span> 
     </span>
     <span class='ocr_line' id='line_1_23' title="bbox 383 4005 1353 4109; baseline 0.002 -29"><span class='ocrx_word' id='word_1_130' title='bbox 383 4005 584 4108; x_wconf 91' lang='lat' dir='ltr'>impendit.</span> <span class='ocrx_word' id='word_1_131' title='bbox 603 4008 649 4083; x_wconf 93' lang='lat' dir='ltr'>ln</span> <span class='ocrx_word' id='word_1_132' title='bbox 664 4031 739 4109; x_wconf 91' lang='lat' dir='ltr'>quo</span> <span class='ocrx_word' id='word_1_133' title='bbox 753 4006 882 4083; x_wconf 88' lang='lat' dir='ltr'>labore</span> <span class='ocrx_word' id='word_1_134' title='bbox 897 4011 1077 4084; x_wconf 88' lang='lat' dir='ltr'>versatus</span> <span class='ocrx_word' id='word_1_135' title='bbox 1098 4005 1200 4083; x_wconf 94' lang='lat' dir='ltr'>nulli</span> <span class='ocrx_word' id='word_1_136' title='bbox 1220 4030 1353 4082; x_wconf 93' lang='lat' dir='ltr'>eorum</span> 
     </span>
     <span class='ocr_line' id='line_1_24' title="bbox 382 4144 1353 4249; baseline 0.001 -27"><span class='ocrx_word' id='word_1_137' title='bbox 382 4144 449 4249; x_wconf 90' lang='lat' dir='ltr'>qui</span> <span class='ocrx_word' id='word_1_138' title='bbox 473 4151 564 4224; x_wconf 89' lang='lat' dir='ltr'>ante</span> <span class='ocrx_word' id='word_1_139' title='bbox 587 4171 628 4222; x_wconf 90' lang='lat' dir='ltr'>se</span> <span class='ocrx_word' id='word_1_140' title='bbox 646 4147 708 4223; x_wconf 90' lang='lat' dir='ltr'>vel</span> <span class='ocrx_word' id='word_1_141' title='bbox 733 4151 999 4226; x_wconf 86' lang='lat' dir='ltr'>tractaverant</span> <span class='ocrx_word' id='word_1_142' title='bbox 1022 4148 1200 4249; x_wconf 87' lang='lat' dir='ltr'>publiea,</span> <span class='ocrx_word' id='word_1_143' title='bbox 1222 4146 1284 4224; x_wconf 92' lang='lat' dir='ltr'>vel</span> <span class='ocrx_word' id='word_1_144' title='bbox 1312 4146 1353 4223; x_wconf 93' lang='lat' dir='ltr'>in</span> 
     </span>
     <span class='ocr_line' id='line_1_25' title="bbox 383 4286 1351 4388; baseline -0.001 -25"><span class='ocrx_word' id='word_1_145' title='bbox 383 4288 481 4363; x_wconf 87' lang='lat' dir='ltr'>Foro</span> <span class='ocrx_word' id='word_1_146' title='bbox 508 4291 547 4362; x_wconf 91' lang='lat' dir='ltr'>et</span> <span class='ocrx_word' id='word_1_147' title='bbox 576 4286 616 4362; x_wconf 96' lang='lat' dir='ltr'>in</span> <span class='ocrx_word' id='word_1_148' title='bbox 640 4286 803 4388; x_wconf 88' lang='lat' dir='ltr'>judiciis</span> <span class='ocrx_word' id='word_1_149' title='bbox 831 4287 1030 4383; x_wconf 89' lang='lat' dir='ltr'>dixerant,</span> <span class='ocrx_word' id='word_1_150' title='bbox 1053 4311 1123 4363; x_wconf 92' lang='lat' dir='ltr'>nec</span> <span class='ocrx_word' id='word_1_151' title='bbox 1150 4286 1351 4383; x_wconf 84' lang='lat' dir='ltr'>facundia,</span> 
     </span>
     <span class='ocr_line' id='line_1_26' title="bbox 385 4425 1137 4531; baseline 0 -28"><span class='ocrx_word' id='word_1_152' title='bbox 385 4452 455 4503; x_wconf 90' lang='lat' dir='ltr'>nec</span> <span class='ocrx_word' id='word_1_153' title='bbox 474 4426 618 4528; x_wconf 84' lang='lat' dir='ltr'>gloria,</span> <span class='ocrx_word' id='word_1_154' title='bbox 637 4452 677 4503; x_wconf 91' lang='lat' dir='ltr'>se</span> <span class='ocrx_word' id='word_1_155' title='bbox 697 4427 919 4504; x_wconf 90' lang='lat' dir='ltr'>inferiorem</span> <span class='ocrx_word' id='word_1_156' title='bbox 939 4425 1137 4531; x_wconf 88' lang='lat' dir='ltr'>praestitit.</span> 
     </span>
    </p>
   </div>
   <div class='ocr_carea' id='block_1_3' title="bbox 0 0 1836 5542">
    <p class='ocr_par' dir='ltr' id='par_1_3' title="bbox 0 0 1836 5542">
     <span class='ocr_line' id='line_1_27' title="bbox 0 0 1836 5542; baseline 0 0"><span class='ocrx_word' id='word_1_157' title='bbox 0 0 1836 5542; x_wconf 95' lang='lat' dir='ltr'> </span> 
     </span>
    </p>
   </div>
  </div>
 </body>
</html>
