3650 5542
766 909 964 974 ..73-

380 1129 457 1208 qua
476 1101 617 1179 melius
636 1106 696 1178 est
714 1106 840 1179 tacere
860 1128 977 1206 quam
997 1102 1164 1181 humilia
1189 1107 1228 1181 et
1253 1102 1345 1183 ina—

380 1241 448 1320 nia
465 1242 583 1318 rerba
600 1238 766 1317 effutire.

435 1424 454 1456 c
477 1390 533 1467 De
547 1389 662 1465 rebus
683 1413 789 1465 nunc
807 1389 1017 1467 dicendum
1036 1415 1101 1467 eas
1121 1416 1144 1467 a
1163 1391 1243 1469 Deo
1261 1416 1349 1469 acce

378 1531 482 1634 pisse
511 1527 705 1633 'quidquid
750 1529 912 1625 habent,
956 1528 1144 1634 quidquid
1188 1530 1344 1627 valent,

380 1670 639 1750 substantiam
659 1696 736 1774 qua
754 1695 858 1768 esse,
880 1671 1044 1747 formam
1064 1697 1141 1774 qua
1160 1671 1344 1774 figurari,

377 1815 524 1890 motum
542 1836 627 1916 >quo
656 1809 824 1908 moveri,
856 1811 984 1889 lucem
1012 1811 1130 1890 etiam
1157 1838 1234 1917 qua
1251 1840 1347 1915 pos-

377 1955 458 2031 sint
472 1952 608 2056 aspici.
632 1954 767 2057 Itaque
785 1978 907 2057 quum
928 1979 998 2031 nec
1018 1956 1123 2031 Deus
1148 1954 1249 2053 sint,
1278 1978 1348 2032 nec

378 2096 448 2173 Dei
481 2099 633 2199 partes,
669 2095 734 2172 sed
768 2100 922 2174 tantum
957 2096 1027 2174 Dei
1055 2122 1191 2200 opera,
1219 2098 1344 2174 Deum

378 2242 508 2314 tamen
528 2235 780 2313 manifestum
795 2231 999 2339 praestant,
1018 2237 1088 2313 Dei
1104 2237 1345 2339 splendorem

305 2452 311 2461 ,
378 2377 580 2481 splendore
600 2403 670 2455 suo
689 2378 908 2465 declarant.
927 2378 997 2455 Dei
1014 2380 1256 2480 maiestatem
1275 2403 1346 2455 sua

377 2520 580 2622 majestate
614 2518 867 2621 patefaciunt.
904 2518 1001 2596 Coeli
1034 2522 1221 2595 enarrant
1252 2517 1346 2620 glo-

377 2658 476 2736 riam
495 2660 589 2758 nei,
611 2663 650 2738 et
668 2685 784 2763 opera
802 2685 992 2737 manuum
1022 2661 1107 2761 ejus
1131 2657 1346 2736 annuntiat

376 2800 680 2879 firmamentum.

430 2983 448 3015 a
471 2947 544 3026 Sed
563 2973 640 3025 non
661 2950 770 3026 modo
791 2950 847 3026 sol
857 2953 896 3027 et
906 2949 1031 3026 stellae
1046 2948 1257 3026 suiscertis
1271 2973 1345 3024 mo·

375 3089 498 3186 tibus,
522 3088 605 3167 suis
625 3088 743 3167 etiam
763 3090 1038 3187 concentibuS,
1071 3095 1116 3166 ut
1130 3091 1345 3194 ⁴Pythago-

374 3254 437 3305 ras
457 3228 584 3306 etalii
603 3234 862 3332 putaverunt,
892 3230 1074 3307 nonnihil
1101 3229 1147 3307 ad
1172 3228 1244 3306 Dei
1267 3228 1345 3330 glo·

374 3367 473 3445 riam
492 3370 717 3466 conferunt,
741 3396 817 3446 non
838 3371 948 3448 modo
967 3371 1109 3448 coelum
1125 3373 1163 3447 et
1183 3369 1342 3446 immen-

373 3532 417 3582 sa
450 3506 576 3608 spatia
607 3506 802 3584 Altissimi
845 3508 981 3585 laudes
1018 3510 1202 3609 perpetuo
1234 3504 1341 3582 cele-

371 3647 510 3744 brant,
533 3648 598 3725 sed
618 3648 703 3751 ipsa
722 3648 926 3746 animalia,
950 3652 989 3725 et
1007 3672 1261 3752 quaecumque
1280 3670 1342 3723 su·

260 3764 268 3772 .
372 3812 439 3891 per
466 3790 611 3865 terram
636 3790 796 3887 florent,
832 3789 986 3891 vigent,
1017 3793 1220 3884 crescunt,
1246 3812 1361 3889 par-,

292 4030 297 4035 ,
372 3927 552 4027 turiunt,
582 3933 664 4007 tota
686 3932 843 4008 demum
876 3935 1020 4009 natura
1055 3930 1189 4007 ordine
1218 3926 1340 4023 miro,

370 4074 477 4147 motu
503 4069 710 4166 continuo,
737 4071 885 4149 ordinis
905 4075 945 4148 et
964 4076 1092 4149 motus
1119 4072 1340 4165 auctorem,

371 4209 454 4286 vita
472 4210 590 4288 etiam
610 4210 782 4315 quotidie
802 4215 1049 4309 renascente,
1071 4213 1257 4288 aeternam
1273 4206 1343 4286 Dei

369 4349 491 4428 vitam
507 4376 784 4460 usquequaque
799 4352 985 4460 praedicat
1008 4356 1047 4433 et
1065 4349 1232 4429 extollit.
