<?xml version="1.0" encoding="UTF-8"?>
<!DOCTYPE html PUBLIC "-//W3C//DTD XHTML 1.0 Transitional//EN"
    "http://www.w3.org/TR/xhtml1/DTD/xhtml1-transitional.dtd">
<html xmlns="http://www.w3.org/1999/xhtml" xml:lang="en" lang="en">
 <head>
  <title>
</title>
<meta http-equiv="Content-Type" content="text/html;charset=utf-8" />
  <meta name='ocr-system' content='tesseract 3.04.00' />
  <meta name='ocr-capabilities' content='ocr_page ocr_carea ocr_par ocr_line ocrx_word'/>
</head>
<body>
  <div class='ocr_page' id='page_1' title='image "./quiddegloriasen00chargoog_0032.png"; bbox 0 0 3650 5542; ppageno 0'>
   <div class='ocr_carea' id='block_1_1' title="bbox 862 853 1059 917">
    <p class='ocr_par' dir='ltr' id='par_1_1' title="bbox 862 853 1059 917">
     <span class='ocr_line' id='line_1_1' title="bbox 862 853 1059 917; baseline -0.005 -20"><span class='ocrx_word' id='word_1_1' title='bbox 862 853 1059 917; x_wconf 29' lang='lat' dir='ltr'>„25ss</span> 
     </span>
    </p>
   </div>
   <div class='ocr_carea' id='block_1_2' title="bbox 474 1042 1443 2272">
    <p class='ocr_par' dir='ltr' id='par_1_2' title="bbox 474 1042 1443 2272">
     <span class='ocr_line' id='line_1_2' title="bbox 474 1042 1443 1145; baseline 0 -26"><span class='ocrx_word' id='word_1_2' title='bbox 474 1042 568 1144; x_wconf 92' lang='lat' dir='ltr'>phia</span> <span class='ocrx_word' id='word_1_3' title='bbox 584 1042 875 1140; x_wconf 77' lang='lat' dir='ltr'>informaverat,</span> <span class='ocrx_word' id='word_1_4' title='bbox 898 1042 1015 1145; x_wconf 90' lang='lat' dir='ltr'>quod,</span> <span class='ocrx_word' id='word_1_5' title='bbox 1038 1068 1082 1119; x_wconf 90' lang='lat' dir='ltr'>ea</span> <span class='ocrx_word' id='word_1_6' title='bbox 1097 1045 1284 1145; x_wconf 86' lang='lat' dir='ltr'>juvante,</span> <span class='ocrx_word' id='word_1_7' title='bbox 1308 1042 1443 1144; x_wconf 84' lang='lat' dir='ltr'>gloriae</span> 
     </span>
     <span class='ocr_line' id='line_1_3' title="bbox 476 1181 1441 1285; baseline 0.002 -28"><span class='ocrx_word' id='word_1_8' title='bbox 476 1181 640 1283; x_wconf 89' lang='lat' dir='ltr'>speciem</span> <span class='ocrx_word' id='word_1_9' title='bbox 668 1181 742 1258; x_wconf 89' lang='lat' dir='ltr'>sibi</span> <span class='ocrx_word' id='word_1_10' title='bbox 776 1185 1026 1284; x_wconf 77' lang='lat' dir='ltr'>proposuerat</span> <span class='ocrx_word' id='word_1_11' title='bbox 1057 1208 1081 1257; x_wconf 89' lang='lat' dir='ltr'>a</span> <span class='ocrx_word' id='word_1_12' title='bbox 1111 1181 1323 1285; x_wconf 88' lang='lat' dir='ltr'>principio,</span> <span class='ocrx_word' id='word_1_13' title='bbox 1355 1208 1441 1285; x_wconf 87' lang='lat' dir='ltr'>quae</span> 
     </span>
     <span class='ocr_line' id='line_1_4' title="bbox 476 1324 1442 1427; baseline 0.002 -28"><span class='ocrx_word' id='word_1_14' title='bbox 476 1348 677 1426; x_wconf 91' lang='lat' dir='ltr'>nunquam</span> <span class='ocrx_word' id='word_1_15' title='bbox 700 1349 723 1399; x_wconf 90' lang='lat' dir='ltr'>a</span> <span class='ocrx_word' id='word_1_16' title='bbox 750 1327 852 1399; x_wconf 91' lang='lat' dir='ltr'>recto</span> <span class='ocrx_word' id='word_1_17' title='bbox 881 1326 1159 1419; x_wconf 76' lang='lat' dir='ltr'>secerneretur,</span> <span class='ocrx_word' id='word_1_18' title='bbox 1194 1349 1280 1427; x_wconf 86' lang='lat' dir='ltr'>quae</span> <span class='ocrx_word' id='word_1_19' title='bbox 1304 1324 1442 1425; x_wconf 88' lang='lat' dir='ltr'>reipu-</span> 
     </span>
     <span class='ocr_line' id='line_1_5' title="bbox 474 1462 1441 1567; baseline 0.004 -28"><span class='ocrx_word' id='word_1_20' title='bbox 474 1463 584 1540; x_wconf 87' lang='lat' dir='ltr'>blicae</span> <span class='ocrx_word' id='word_1_21' title='bbox 622 1462 756 1559; x_wconf 90' lang='lat' dir='ltr'>utilis,</span> <span class='ocrx_word' id='word_1_22' title='bbox 797 1463 944 1539; x_wconf 89' lang='lat' dir='ltr'>nemini</span> <span class='ocrx_word' id='word_1_23' title='bbox 982 1489 1178 1567; x_wconf 88' lang='lat' dir='ltr'>unquam,</span> <span class='ocrx_word' id='word_1_24' title='bbox 1218 1466 1297 1542; x_wconf 89' lang='lat' dir='ltr'>nisi</span> <span class='ocrx_word' id='word_1_25' title='bbox 1339 1468 1441 1544; x_wconf 93' lang='lat' dir='ltr'>malo</span> 
     </span>
     <span class='ocr_line' id='line_1_6' title="bbox 475 1605 1442 1709; baseline 0.003 -29"><span class='ocrx_word' id='word_1_26' title='bbox 475 1608 636 1683; x_wconf 89' lang='lat' dir='ltr'>obesset.</span> <span class='ocrx_word' id='word_1_27' title='bbox 660 1607 796 1709; x_wconf 90' lang='lat' dir='ltr'>ltaque</span> <span class='ocrx_word' id='word_1_28' title='bbox 819 1605 949 1683; x_wconf 86' lang='lat' dir='ltr'>nullos</span> <span class='ocrx_word' id='word_1_29' title='bbox 970 1606 1048 1681; x_wconf 89' lang='lat' dir='ltr'>nisi</span> <span class='ocrx_word' id='word_1_30' title='bbox 1071 1608 1277 1683; x_wconf 88' lang='lat' dir='ltr'>admodum</span> <span class='ocrx_word' id='word_1_31' title='bbox 1304 1633 1442 1708; x_wconf 88' lang='lat' dir='ltr'>pravos</span> 
     </span>
     <span class='ocr_line' id='line_1_7' title="bbox 475 1747 1443 1851; baseline 0.004 -28"><span class='ocrx_word' id='word_1_32' title='bbox 475 1747 579 1823; x_wconf 88' lang='lat' dir='ltr'>cives</span> <span class='ocrx_word' id='word_1_33' title='bbox 598 1747 733 1825; x_wconf 87' lang='lat' dir='ltr'>Cicero</span> <span class='ocrx_word' id='word_1_34' title='bbox 753 1747 826 1824; x_wconf 90' lang='lat' dir='ltr'>sibi</span> <span class='ocrx_word' id='word_1_35' title='bbox 846 1748 1089 1825; x_wconf 86' lang='lat' dir='ltr'>adversarios</span> <span class='ocrx_word' id='word_1_36' title='bbox 1108 1748 1245 1851; x_wconf 83' lang='lat' dir='ltr'>elegit,</span> <span class='ocrx_word' id='word_1_37' title='bbox 1267 1750 1443 1827; x_wconf 89' lang='lat' dir='ltr'>Horten-</span> 
     </span>
     <span class='ocr_line' id='line_1_8' title="bbox 475 1887 1440 1992; baseline 0 -29"><span class='ocrx_word' id='word_1_38' title='bbox 475 1887 524 1963; x_wconf 85' lang='lat' dir='ltr'>sii</span> <span class='ocrx_word' id='word_1_39' title='bbox 548 1893 587 1965; x_wconf 89' lang='lat' dir='ltr'>et</span> <span class='ocrx_word' id='word_1_40' title='bbox 605 1888 773 1964; x_wconf 89' lang='lat' dir='ltr'>aliorum</span> <span class='ocrx_word' id='word_1_41' title='bbox 797 1888 864 1992; x_wconf 94' lang='lat' dir='ltr'>qui</span> <span class='ocrx_word' id='word_1_42' title='bbox 884 1893 1020 1965; x_wconf 91' lang='lat' dir='ltr'>contra</span> <span class='ocrx_word' id='word_1_43' title='bbox 1039 1913 1080 1964; x_wconf 91' lang='lat' dir='ltr'>se</span> <span class='ocrx_word' id='word_1_44' title='bbox 1098 1888 1277 1965; x_wconf 89' lang='lat' dir='ltr'>dicebant</span> <span class='ocrx_word' id='word_1_45' title='bbox 1294 1888 1440 1982; x_wconf 85' lang='lat' dir='ltr'>vitam,</span> 
     </span>
     <span class='ocr_line' id='line_1_9' title="bbox 474 2027 1440 2131; baseline -0.002 -26"><span class='ocrx_word' id='word_1_46' title='bbox 474 2029 640 2129; x_wconf 85' lang='lat' dir='ltr'>gloriam</span> <span class='ocrx_word' id='word_1_47' title='bbox 669 2029 761 2105; x_wconf 92' lang='lat' dir='ltr'>adeo</span> <span class='ocrx_word' id='word_1_48' title='bbox 784 2053 861 2105; x_wconf 91' lang='lat' dir='ltr'>non</span> <span class='ocrx_word' id='word_1_49' title='bbox 887 2028 1080 2131; x_wconf 85' lang='lat' dir='ltr'>despexit,</span> <span class='ocrx_word' id='word_1_50' title='bbox 1107 2032 1146 2105; x_wconf 89' lang='lat' dir='ltr'>et</span> <span class='ocrx_word' id='word_1_51' title='bbox 1170 2027 1440 2124; x_wconf 74' lang='lat' dir='ltr'>contumeliiS,</span> 
     </span>
     <span class='ocr_line' id='line_1_10' title="bbox 475 2168 1442 2272; baseline -0.001 -26"><span class='ocrx_word' id='word_1_52' title='bbox 475 2174 519 2246; x_wconf 94' lang='lat' dir='ltr'>ut</span> <span class='ocrx_word' id='word_1_53' title='bbox 545 2169 719 2272; x_wconf 89' lang='lat' dir='ltr'>plerique</span> <span class='ocrx_word' id='word_1_54' title='bbox 744 2171 886 2265; x_wconf 89' lang='lat' dir='ltr'>solent,</span> <span class='ocrx_word' id='word_1_55' title='bbox 908 2168 1056 2266; x_wconf 87' lang='lat' dir='ltr'>affecit,</span> <span class='ocrx_word' id='word_1_56' title='bbox 1080 2174 1125 2246; x_wconf 93' lang='lat' dir='ltr'>ut</span> <span class='ocrx_word' id='word_1_57' title='bbox 1150 2173 1286 2247; x_wconf 89' lang='lat' dir='ltr'>contra</span> <span class='ocrx_word' id='word_1_58' title='bbox 1304 2169 1442 2247; x_wconf 85' lang='lat' dir='ltr'>solitus</span> 
     </span>
    </p>
   </div>
   <div class='ocr_carea' id='block_1_3' title="bbox 361 2311 1444 2418">
    <p class='ocr_par' dir='ltr' id='par_1_3' title="bbox 361 2311 1444 2418">
     <span class='ocr_line' id='line_1_11' title="bbox 361 2311 1444 2418; baseline -0.003 -28"><span class='ocrx_word' id='word_1_59' title='bbox 361 2338 364 2342; x_wconf 85' lang='lat'><em>·</em></span> <span class='ocrx_word' id='word_1_60' title='bbox 475 2313 594 2389; x_wconf 87' lang='lat' dir='ltr'>fuerit</span> <span class='ocrx_word' id='word_1_61' title='bbox 607 2313 790 2418; x_wconf 82' lang='lat' dir='ltr'>laudibus</span> <span class='ocrx_word' id='word_1_62' title='bbox 806 2311 1004 2388; x_wconf 87' lang='lat' dir='ltr'>extollere.</span> <span class='ocrx_word' id='word_1_63' title='bbox 1023 2314 1088 2408; x_wconf 85' lang='lat' dir='ltr'>Et,</span> <span class='ocrx_word' id='word_1_64' title='bbox 1106 2337 1228 2415; x_wconf 89' lang='lat' dir='ltr'>quum</span> <span class='ocrx_word' id='word_1_65' title='bbox 1243 2312 1289 2388; x_wconf 91' lang='lat' dir='ltr'>de</span> <span class='ocrx_word' id='word_1_66' title='bbox 1305 2337 1346 2388; x_wconf 86' lang='lat' dir='ltr'>sc</span> <span class='ocrx_word' id='word_1_67' title='bbox 1360 2312 1444 2414; x_wconf 89' lang='lat' dir='ltr'>ipso</span> 
     </span>
    </p>
   </div>
   <div class='ocr_carea' id='block_1_4' title="bbox 475 2453 1445 2699">
    <p class='ocr_par' dir='ltr' id='par_1_4' title="bbox 475 2453 1445 2699">
     <span class='ocr_line' id='line_1_12' title="bbox 475 2453 1443 2558; baseline -0.004 -27"><span class='ocrx_word' id='word_1_68' title='bbox 475 2456 617 2557; x_wconf 85' lang='lat' dir='ltr'>saepius</span> <span class='ocrx_word' id='word_1_69' title='bbox 647 2481 764 2558; x_wconf 91' lang='lat' dir='ltr'>quam</span> <span class='ocrx_word' id='word_1_70' title='bbox 791 2454 931 2531; x_wconf 89' lang='lat' dir='ltr'>vellem</span> <span class='ocrx_word' id='word_1_71' title='bbox 950 2455 1105 2531; x_wconf 89' lang='lat' dir='ltr'>locutus</span> <span class='ocrx_word' id='word_1_72' title='bbox 1126 2455 1203 2549; x_wconf 87' lang='lat' dir='ltr'>sit,</span> <span class='ocrx_word' id='word_1_73' title='bbox 1226 2458 1295 2530; x_wconf 92' lang='lat' dir='ltr'>aut</span> <span class='ocrx_word' id='word_1_74' title='bbox 1313 2453 1443 2556; x_wconf 87' lang='lat' dir='ltr'>potius</span> 
     </span>
     <span class='ocr_line' id='line_1_13' title="bbox 475 2594 1445 2699; baseline -0.003 -26"><span class='ocrx_word' id='word_1_75' title='bbox 475 2622 697 2699; x_wconf 84' lang='lat' dir='ltr'>nunquam,</span> <span class='ocrx_word' id='word_1_76' title='bbox 725 2597 853 2672; x_wconf 87' lang='lat' dir='ltr'>oblata</span> <span class='ocrx_word' id='word_1_77' title='bbox 872 2596 1089 2690; x_wconf 80' lang='lat' dir='ltr'>occasione,</span> <span class='ocrx_word' id='word_1_78' title='bbox 1112 2595 1281 2672; x_wconf 88' lang='lat' dir='ltr'>valuerit</span> <span class='ocrx_word' id='word_1_79' title='bbox 1300 2594 1445 2671; x_wconf 87' lang='lat' dir='ltr'>retice-</span> 
     </span>
    </p>
   </div>
   <div class='ocr_carea' id='block_1_5' title="bbox 474 2716 1445 2838">
    <p class='ocr_par' dir='ltr' id='par_1_5' title="bbox 474 2716 1445 2838">
     <span class='ocr_line' id='line_1_14' title="bbox 474 2716 1445 2838; baseline -0.006 -26"><span class='ocrx_word' id='word_1_80' title='bbox 474 2763 535 2831; x_wconf 89' lang='lat' dir='ltr'>re,</span> <span class='ocrx_word' id='word_1_81' title='bbox 562 2736 600 2812; x_wconf 94' lang='lat' dir='ltr'>id</span> <span class='ocrx_word' id='word_1_82' title='bbox 624 2741 755 2813; x_wconf 89' lang='lat' dir='ltr'>tamen</span> <span class='ocrx_word' id='word_1_83' title='bbox 782 2716 951 2838; x_wconf 88' lang='lat' dir='ltr'>simplici</span> <span class='ocrx_word' id='word_1_84' title='bbox 981 2734 1132 2831; x_wconf 88' lang='lat' dir='ltr'>animo,</span> <span class='ocrx_word' id='word_1_85' title='bbox 1159 2734 1238 2811; x_wconf 87' lang='lat' dir='ltr'>leni</span> <span class='ocrx_word' id='word_1_86' title='bbox 1270 2732 1445 2810; x_wconf 89' lang='lat' dir='ltr'>oratione</span> 
     </span>
    </p>
   </div>
   <div class='ocr_carea' id='block_1_6' title="bbox 459 2875 1445 3826">
    <p class='ocr_par' dir='ltr' id='par_1_6' title="bbox 459 2875 1445 3826">
     <span class='ocr_line' id='line_1_15' title="bbox 474 2875 1445 2983; baseline -0.006 -26"><span class='ocrx_word' id='word_1_87' title='bbox 474 2905 625 2983; x_wconf 88' lang='lat' dir='ltr'>semper</span> <span class='ocrx_word' id='word_1_88' title='bbox 642 2879 745 2957; x_wconf 86' lang='lat' dir='ltr'>fecit.</span> <span class='ocrx_word' id='word_1_89' title='bbox 768 2879 1024 2955; x_wconf 90' lang='lat' dir='ltr'>Monumenta</span> <span class='ocrx_word' id='word_1_90' title='bbox 1042 2880 1215 2973; x_wconf 86' lang='lat' dir='ltr'>exstant,</span> <span class='ocrx_word' id='word_1_91' title='bbox 1237 2880 1276 2953; x_wconf 89' lang='lat' dir='ltr'>et</span> <span class='ocrx_word' id='word_1_92' title='bbox 1294 2900 1380 2978; x_wconf 87' lang='lat' dir='ltr'>quae</span> <span class='ocrx_word' id='word_1_93' title='bbox 1399 2875 1445 2950; x_wconf 91' lang='lat' dir='ltr'>de</span> 
     </span>
     <span class='ocr_line' id='line_1_16' title="bbox 473 3013 1443 3123; baseline -0.009 -23"><span class='ocrx_word' id='word_1_94' title='bbox 473 3022 683 3100; x_wconf 88' lang='lat' dir='ltr'>Hortensio</span> <span class='ocrx_word' id='word_1_95' title='bbox 704 3045 827 3123; x_wconf 89' lang='lat' dir='ltr'>nuper</span> <span class='ocrx_word' id='word_1_96' title='bbox 851 3019 1032 3096; x_wconf 88' lang='lat' dir='ltr'>defuncto</span> <span class='ocrx_word' id='word_1_97' title='bbox 1053 3018 1078 3115; x_wconf 73' lang='lat'>1,</span> <span class='ocrx_word' id='word_1_98' title='bbox 1100 3024 1139 3096; x_wconf 91' lang='lat' dir='ltr'>et</span> <span class='ocrx_word' id='word_1_99' title='bbox 1158 3044 1244 3122; x_wconf 91' lang='lat' dir='ltr'>quae</span> <span class='ocrx_word' id='word_1_100' title='bbox 1267 3019 1313 3094; x_wconf 90' lang='lat' dir='ltr'>de</span> <span class='ocrx_word' id='word_1_101' title='bbox 1332 3013 1443 3092; x_wconf 93' lang='lat' dir='ltr'>mul-</span> 
     </span>
     <span class='ocr_line' id='line_1_17' title="bbox 459 3138 1441 3240; baseline -0.008 0"><span class='ocrx_word' id='word_1_102' title='bbox 459 3138 524 3240; x_wconf 77' lang='lat' dir='ltr'>‘ns</span> <span class='ocrx_word' id='word_1_103' title='bbox 548 3162 637 3240; x_wconf 90' lang='lat' dir='ltr'>aliis</span> <span class='ocrx_word' id='word_1_104' title='bbox 662 3166 771 3239; x_wconf 90' lang='lat' dir='ltr'>tanto</span> <span class='ocrx_word' id='word_1_105' title='bbox 794 3165 832 3238; x_wconf 89' lang='lat' dir='ltr'>ct</span> <span class='ocrx_word' id='word_1_106' title='bbox 855 3168 935 3238; x_wconf 91' lang='lat' dir='ltr'>tam</span> <span class='ocrx_word' id='word_1_107' title='bbox 961 3160 1110 3236; x_wconf 86' lang='lat' dir='ltr'>sincero</span> <span class='ocrx_word' id='word_1_108' title='bbox 1134 3159 1256 3235; x_wconf 89' lang='lat' dir='ltr'>amini</span> <span class='ocrx_word' id='word_1_109' title='bbox 1279 3181 1441 3234; x_wconf 85' lang='lat' dir='ltr'>moerore</span> 
     </span>
     <span class='ocr_line' id='line_1_18' title="bbox 471 3297 1441 3406; baseline -0.009 -25"><span class='ocrx_word' id='word_1_110' title='bbox 471 3306 625 3382; x_wconf 88' lang='lat' dir='ltr'>locutus</span> <span class='ocrx_word' id='word_1_111' title='bbox 644 3309 724 3401; x_wconf 89' lang='lat' dir='ltr'>est,</span> <span class='ocrx_word' id='word_1_112' title='bbox 747 3306 933 3406; x_wconf 88' lang='lat' dir='ltr'>praeterea</span> <span class='ocrx_word' id='word_1_113' title='bbox 957 3305 1015 3379; x_wconf 90' lang='lat' dir='ltr'>tot</span> <span class='ocrx_word' id='word_1_114' title='bbox 1033 3299 1231 3377; x_wconf 91' lang='lat' dir='ltr'>actionum</span> <span class='ocrx_word' id='word_1_115' title='bbox 1255 3297 1441 3401; x_wconf 91' lang='lat' dir='ltr'>prooemia</span> 
     </span>
     <span class='ocr_line' id='line_1_19' title="bbox 473 3437 1441 3549; baseline -0.007 -29"><span class='ocrx_word' id='word_1_116' title='bbox 473 3445 513 3521; x_wconf 92' lang='lat' dir='ltr'>in</span> <span class='ocrx_word' id='word_1_117' title='bbox 533 3446 673 3549; x_wconf 89' lang='lat' dir='ltr'>quibus</span> <span class='ocrx_word' id='word_1_118' title='bbox 690 3471 730 3522; x_wconf 89' lang='lat' dir='ltr'>se</span> <span class='ocrx_word' id='word_1_119' title='bbox 750 3466 872 3547; x_wconf 89' lang='lat' dir='ltr'>neque</span> <span class='ocrx_word' id='word_1_120' title='bbox 892 3466 967 3516; x_wconf 91' lang='lat' dir='ltr'>usu</span> <span class='ocrx_word' id='word_1_121' title='bbox 990 3439 1110 3541; x_wconf 77' lang='lat' dir='ltr'>satiS,</span> <span class='ocrx_word' id='word_1_122' title='bbox 1132 3444 1171 3515; x_wconf 92' lang='lat' dir='ltr'>et</span> <span class='ocrx_word' id='word_1_123' title='bbox 1190 3437 1347 3540; x_wconf 84' lang='lat' dir='ltr'>ingenio</span> <span class='ocrx_word' id='word_1_124' title='bbox 1366 3462 1441 3539; x_wconf 93' lang='lat' dir='ltr'>pa-</span> 
     </span>
     <span class='ocr_line' id='line_1_20' title="bbox 471 3581 1441 3686; baseline -0.005 -26"><span class='ocrx_word' id='word_1_125' title='bbox 471 3611 560 3662; x_wconf 92' lang='lat' dir='ltr'>rum</span> <span class='ocrx_word' id='word_1_126' title='bbox 579 3585 773 3663; x_wconf 88' lang='lat' dir='ltr'>valentem</span> <span class='ocrx_word' id='word_1_127' title='bbox 792 3584 998 3686; x_wconf 89' lang='lat' dir='ltr'>praedicat,</span> <span class='ocrx_word' id='word_1_128' title='bbox 1022 3582 1224 3685; x_wconf 86' lang='lat' dir='ltr'>inquibus</span> <span class='ocrx_word' id='word_1_129' title='bbox 1253 3607 1292 3657; x_wconf 90' lang='lat' dir='ltr'>se</span> <span class='ocrx_word' id='word_1_130' title='bbox 1316 3581 1363 3657; x_wconf 89' lang='lat' dir='ltr'>ad</span> <span class='ocrx_word' id='word_1_131' title='bbox 1384 3606 1441 3655; x_wconf 89' lang='lat' dir='ltr'>ac-</span> 
     </span>
     <span class='ocr_line' id='line_1_21' title="bbox 472 3722 1442 3826; baseline -0.005 -24"><span class='ocrx_word' id='word_1_132' title='bbox 472 3728 687 3804; x_wconf 88' lang='lat' dir='ltr'>cusandum</span> <span class='ocrx_word' id='word_1_133' title='bbox 716 3725 868 3801; x_wconf 91' lang='lat' dir='ltr'>traduci</span> <span class='ocrx_word' id='word_1_134' title='bbox 894 3726 1023 3819; x_wconf 88' lang='lat' dir='ltr'>dolet,</span> <span class='ocrx_word' id='word_1_135' title='bbox 1054 3748 1176 3826; x_wconf 90' lang='lat' dir='ltr'>quum</span> <span class='ocrx_word' id='word_1_136' title='bbox 1202 3722 1280 3798; x_wconf 86' lang='lat' dir='ltr'>¹reis</span> <span class='ocrx_word' id='word_1_137' title='bbox 1304 3722 1442 3798; x_wconf 87' lang='lat' dir='ltr'>defen-</span> 
     </span>
    </p>
   </div>
   <div class='ocr_carea' id='block_1_7' title="bbox 468 3988 1441 4422">
    <p class='ocr_par' dir='ltr' id='par_1_7' title="bbox 468 3988 1441 4422">
     <span class='ocr_line' id='line_1_22' title="bbox 507 3988 1441 4059; baseline -0.007 -10"><span class='ocrx_word' id='word_1_138' title='bbox 507 3997 514 4030; x_wconf 72' lang='lat'><em>*</em></span> <span class='ocrx_word' id='word_1_139' title='bbox 534 3997 623 4059; x_wconf 86' lang='lat' dir='ltr'>Quum</span> <span class='ocrx_word' id='word_1_140' title='bbox 635 4010 651 4049; x_wconf 88' lang='lat' dir='ltr'>e</span> <span class='ocrx_word' id='word_1_141' title='bbox 665 3994 761 4049; x_wconf 86' lang='lat' dir='ltr'>Cilicia</span> <span class='ocrx_word' id='word_1_142' title='bbox 775 3993 910 4050; x_wconf 84' lang='lat' dir='ltr'>decedens</span> <span class='ocrx_word' id='word_1_143' title='bbox 926 3995 1054 4050; x_wconf 89' lang='lat' dir='ltr'>Rhodum</span> <span class='ocrx_word' id='word_1_144' title='bbox 1069 3993 1220 4059; x_wconf 87' lang='lat' dir='ltr'>venissem,</span> <span class='ocrx_word' id='word_1_145' title='bbox 1239 3998 1267 4046; x_wconf 83' lang='lat' dir='ltr'>et</span> <span class='ocrx_word' id='word_1_146' title='bbox 1280 4007 1312 4045; x_wconf 87' lang='lat' dir='ltr'>cc</span> <span class='ocrx_word' id='word_1_147' title='bbox 1328 3989 1393 4044; x_wconf 87' lang='lat' dir='ltr'>mihi</span> <span class='ocrx_word' id='word_1_148' title='bbox 1407 3988 1441 4043; x_wconf 88' lang='lat' dir='ltr'>dc</span> 
     </span>
     <span class='ocr_line' id='line_1_23' title="bbox 471 4079 1441 4156; baseline -0.009 -15"><span class='ocrx_word' id='word_1_149' title='bbox 471 4084 611 4141; x_wconf 83' lang='lat' dir='ltr'>Hortensii</span> <span class='ocrx_word' id='word_1_150' title='bbox 626 4091 713 4140; x_wconf 83' lang='lat' dir='ltr'>morte</span> <span class='ocrx_word' id='word_1_151' title='bbox 726 4091 797 4139; x_wconf 80' lang='lat' dir='ltr'>esset</span> <span class='ocrx_word' id='word_1_152' title='bbox 814 4085 941 4153; x_wconf 83' lang='lat' dir='ltr'>allatum,</span> <span class='ocrx_word' id='word_1_153' title='bbox 957 4084 1087 4156; x_wconf 86' lang='lat' dir='ltr'>opinione</span> <span class='ocrx_word' id='word_1_154' title='bbox 1102 4083 1222 4137; x_wconf 88' lang='lat' dir='ltr'>omnium</span> <span class='ocrx_word' id='word_1_155' title='bbox 1236 4081 1365 4151; x_wconf 87' lang='lat' dir='ltr'>majorem</span> <span class='ocrx_word' id='word_1_156' title='bbox 1378 4079 1441 4133; x_wconf 85' lang='lat' dir='ltr'>ani-</span> 
     </span>
     <span class='ocr_line' id='line_1_24' title="bbox 469 4166 1441 4244; baseline -0.009 -15"><span class='ocrx_word' id='word_1_157' title='bbox 469 4192 514 4230; x_wconf 91' lang='lat' dir='ltr'>mo</span> <span class='ocrx_word' id='word_1_158' title='bbox 530 4174 590 4244; x_wconf 87' lang='lat' dir='ltr'>cepi</span> <span class='ocrx_word' id='word_1_159' title='bbox 603 4172 734 4228; x_wconf 87' lang='lat' dir='ltr'>dolorem.</span> <span class='ocrx_word' id='word_1_160' title='bbox 751 4176 821 4227; x_wconf 84' lang='lat' dir='ltr'>Nam</span> <span class='ocrx_word' id='word_1_161' title='bbox 833 4180 861 4228; x_wconf 83' lang='lat' dir='ltr'>et</span> <span class='ocrx_word' id='word_1_162' title='bbox 874 4174 963 4229; x_wconf 90' lang='lat' dir='ltr'>amico</span> <span class='ocrx_word' id='word_1_163' title='bbox 977 4172 1094 4238; x_wconf 75' lang='lat' dir='ltr'>amisso,</span> <span class='ocrx_word' id='word_1_164' title='bbox 1111 4186 1174 4225; x_wconf 90' lang='lat' dir='ltr'>cum</span> <span class='ocrx_word' id='word_1_165' title='bbox 1187 4166 1382 4225; x_wconf 84' lang='lat' dir='ltr'>consuetudine</span> <span class='ocrx_word' id='word_1_166' title='bbox 1391 4167 1441 4237; x_wconf 90' lang='lat' dir='ltr'>ju-</span> 
     </span>
     <span class='ocr_line' id='line_1_25' title="bbox 470 4256 1440 4330; baseline -0.009 -13"><span class='ocrx_word' id='word_1_167' title='bbox 470 4260 576 4326; x_wconf 84' lang='lat' dir='ltr'>cunda,</span> <span class='ocrx_word' id='word_1_168' title='bbox 598 4267 656 4315; x_wconf 88' lang='lat' dir='ltr'>tum</span> <span class='ocrx_word' id='word_1_169' title='bbox 679 4261 825 4317; x_wconf 88' lang='lat' dir='ltr'>multorum</span> <span class='ocrx_word' id='word_1_170' title='bbox 847 4262 998 4317; x_wconf 86' lang='lat' dir='ltr'>officiorum</span> <span class='ocrx_word' id='word_1_171' title='bbox 1022 4259 1215 4330; x_wconf 84' lang='lat' dir='ltr'>conjunctione</span> <span class='ocrx_word' id='word_1_172' title='bbox 1239 4273 1281 4311; x_wconf 86' lang='lat' dir='ltr'>ma</span> <span class='ocrx_word' id='word_1_173' title='bbox 1304 4256 1440 4327; x_wconf 86' lang='lat' dir='ltr'>privatum</span> 
     </span>
     <span class='ocr_line' id='line_1_26' title="bbox 468 4349 894 4422; baseline -0.007 -16"><span class='ocrx_word' id='word_1_174' title='bbox 468 4350 597 4406; x_wconf 83' lang='lat' dir='ltr'>videbam</span> <span class='ocrx_word' id='word_1_175' title='bbox 602 4392 654 4404; x_wconf 86' lang='grc'>.....</span> <span class='ocrx_word' id='word_1_176' title='bbox 673 4349 894 4422; x_wconf 74' lang='lat' dir='ltr'>(Brutus‚1.l.l</span> 
     </span>
    </p>
   </div>
   <div class='ocr_carea' id='block_1_8' title="bbox 0 0 1830 5542">
    <p class='ocr_par' dir='ltr' id='par_1_8' title="bbox 0 0 1830 5542">
     <span class='ocr_line' id='line_1_27' title="bbox 0 0 1830 5542; baseline 0 2"><span class='ocrx_word' id='word_1_177' title='bbox 0 0 1830 5542; x_wconf 95' lang='lat' dir='ltr'> </span> 
     </span>
    </p>
   </div>
  </div>
 </body>
</html>
