<?xml version="1.0" encoding="UTF-8"?>
<!DOCTYPE html PUBLIC "-//W3C//DTD XHTML 1.0 Transitional//EN"
    "http://www.w3.org/TR/xhtml1/DTD/xhtml1-transitional.dtd">
<html xmlns="http://www.w3.org/1999/xhtml" xml:lang="en" lang="en">
 <head>
  <title>
</title>
<meta http-equiv="Content-Type" content="text/html;charset=utf-8" />
  <meta name='ocr-system' content='tesseract 3.04.00' />
  <meta name='ocr-capabilities' content='ocr_page ocr_carea ocr_par ocr_line ocrx_word'/>
</head>
<body>
  <div class='ocr_page' id='page_1' title='image "./quiddegloriasen00chargoog_0052.png"; bbox 0 0 3650 5542; ppageno 0'>
   <div class='ocr_carea' id='block_1_1' title="bbox 841 874 1039 935">
    <p class='ocr_par' dir='ltr' id='par_1_1' title="bbox 841 874 1039 935">
     <span class='ocr_line' id='line_1_1' title="bbox 841 874 1039 935; baseline -0.02 0"><span class='ocrx_word' id='word_1_1' title='bbox 841 910 879 919; x_wconf 83' lang='lat'><strong>--</strong></span> <span class='ocrx_word' id='word_1_2' title='bbox 923 874 959 935; x_wconf 77' lang='lat' dir='ltr'><strong>ru</strong></span> <span class='ocrx_word' id='word_1_3' title='bbox 999 908 1039 919; x_wconf 86' lang='grc'><strong>-</strong></span> 
     </span>
    </p>
   </div>
   <div class='ocr_carea' id='block_1_2' title="bbox 444 1061 1428 4440">
    <p class='ocr_par' dir='ltr' id='par_1_2' title="bbox 444 1061 1428 2156">
     <span class='ocr_line' id='line_1_2' title="bbox 456 1061 1427 1165; baseline -0.004 -22"><span class='ocrx_word' id='word_1_4' title='bbox 456 1067 553 1144; x_wconf 86' lang='lat' dir='ltr'><strong>teire</strong></span> <span class='ocrx_word' id='word_1_5' title='bbox 574 1065 718 1142; x_wconf 84' lang='lat' dir='ltr'><strong>virtute</strong></span> <span class='ocrx_word' id='word_1_6' title='bbox 738 1065 941 1165; x_wconf 82' lang='lat' dir='ltr'><strong>putantur,</strong></span> <span class='ocrx_word' id='word_1_7' title='bbox 963 1065 1002 1138; x_wconf 86' lang='lat' dir='ltr'><strong>et</strong></span> <span class='ocrx_word' id='word_1_8' title='bbox 1020 1086 1141 1165; x_wconf 91' lang='lat' dir='ltr'><strong>quum</strong></span> <span class='ocrx_word' id='word_1_9' title='bbox 1167 1061 1272 1138; x_wconf 90' lang='lat' dir='ltr'><strong>omni</strong></span> <span class='ocrx_word' id='word_1_10' title='bbox 1297 1087 1427 1139; x_wconf 86' lang='lat' dir='ltr'><strong>carere</strong></span> 
     </span>
     <span class='ocr_line' id='line_1_3' title="bbox 455 1200 1428 1305; baseline -0.003 -20"><span class='ocrx_word' id='word_1_11' title='bbox 455 1210 502 1285; x_wconf 91' lang='lat' dir='ltr'><strong>de</strong></span> <span class='ocrx_word' id='word_1_12' title='bbox 516 1206 664 1302; x_wconf 83' lang='lat' dir='ltr'><strong>decore,</strong></span> <span class='ocrx_word' id='word_1_13' title='bbox 682 1209 767 1282; x_wconf 84' lang='lat' dir='ltr'><strong>turn</strong></span> <span class='ocrx_word' id='word_1_14' title='bbox 783 1203 832 1279; x_wconf 91' lang='lat' dir='ltr'><strong>iis</strong></span> <span class='ocrx_word' id='word_1_15' title='bbox 847 1202 957 1279; x_wconf 86' lang='lat' dir='ltr'><strong>vitiis</strong></span> <span class='ocrx_word' id='word_1_16' title='bbox 973 1200 1113 1305; x_wconf 88' lang='lat' dir='ltr'><strong>quibus</strong></span> <span class='ocrx_word' id='word_1_17' title='bbox 1129 1202 1198 1279; x_wconf 92' lang='lat' dir='ltr'><strong>alii</strong></span> <span class='ocrx_word' id='word_1_18' title='bbox 1217 1228 1294 1281; x_wconf 90' lang='lat' dir='ltr'><strong>non</strong></span> <span class='ocrx_word' id='word_1_19' title='bbox 1314 1201 1428 1283; x_wconf 84' lang='lat' dir='ltr'><strong>facile</strong></span> 
     </span>
     <span class='ocr_line' id='line_1_4' title="bbox 456 1345 1423 1453; baseline -0.001 -27"><span class='ocrx_word' id='word_1_20' title='bbox 456 1353 622 1453; x_wconf 78' lang='lat' dir='ltr'><strong>possunt</strong></span> <span class='ocrx_word' id='word_1_21' title='bbox 639 1346 837 1425; x_wconf 84' lang='lat' dir='ltr'><strong>obsistere.</strong></span> <span class='ocrx_word' id='word_1_22' title='bbox 855 1347 931 1422; x_wconf 86' lang='lat' dir='ltr'><strong>Eos</strong></span> <span class='ocrx_word' id='word_1_23' title='bbox 946 1345 1051 1422; x_wconf 92' lang='lat' dir='ltr'><strong>enim</strong></span> <span class='ocrx_word' id='word_1_24' title='bbox 1064 1345 1169 1422; x_wconf 88' lang='lat' dir='ltr'><strong>viros</strong></span> <span class='ocrx_word' id='word_1_25' title='bbox 1187 1345 1423 1448; x_wconf 83' lang='lat' dir='ltr'><strong>suspiciunt,</strong></span> 
     </span>
     <span class='ocr_line' id='line_1_5' title="bbox 456 1484 1427 1593; baseline -0.008 -23"><span class='ocrx_word' id='word_1_26' title='bbox 456 1490 723 1593; x_wconf 74' lang='lat' dir='ltr'><strong>maximisque</strong></span> <span class='ocrx_word' id='word_1_27' title='bbox 733 1486 899 1565; x_wconf 85' lang='lat' dir='ltr'><strong>efferunt</strong></span> <span class='ocrx_word' id='word_1_28' title='bbox 916 1485 1100 1565; x_wconf 83' lang='lat' dir='ltr'><strong>laudibus</strong></span> <span class='ocrx_word' id='word_1_29' title='bbox 1115 1485 1155 1563; x_wconf 93' lang='lat' dir='ltr'><strong>in</strong></span> <span class='ocrx_word' id='word_1_30' title='bbox 1171 1485 1312 1589; x_wconf 92' lang='lat' dir='ltr'><strong>quibus</strong></span> <span class='ocrx_word' id='word_1_31' title='bbox 1328 1484 1427 1562; x_wconf 89' lang='lat' dir='ltr'><strong>exis-</strong></span> 
     </span>
     <span class='ocr_line' id='line_1_6' title="bbox 455 1624 1426 1731; baseline -0.009 -22"><span class='ocrx_word' id='word_1_32' title='bbox 455 1632 601 1709; x_wconf 86' lang='lat' dir='ltr'><strong>timant</strong></span> <span class='ocrx_word' id='word_1_33' title='bbox 619 1655 659 1706; x_wconf 91' lang='lat' dir='ltr'><strong>se</strong></span> <span class='ocrx_word' id='word_1_34' title='bbox 678 1628 911 1705; x_wconf 87' lang='lat' dir='ltr'><strong>excellentes</strong></span> <span class='ocrx_word' id='word_1_35' title='bbox 932 1627 1120 1731; x_wconf 84' lang='lat' dir='ltr'><strong>quasdam</strong></span> <span class='ocrx_word' id='word_1_36' title='bbox 1143 1628 1182 1703; x_wconf 89' lang='lat' dir='ltr'><strong>et</strong></span> <span class='ocrx_word' id='word_1_37' title='bbox 1204 1624 1426 1727; x_wconf 80' lang='lat' dir='ltr'><strong>singulares</strong></span> 
     </span>
     <span class='ocr_line' id='line_1_7' title="bbox 456 1768 1428 1874; baseline -0.008 -23"><span class='ocrx_word' id='word_1_38' title='bbox 456 1773 623 1851; x_wconf 84' lang='lat' dir='ltr'><strong>virtutes</strong></span> <span class='ocrx_word' id='word_1_39' title='bbox 650 1770 886 1874; x_wconf 73' lang='lat' dir='ltr'><strong>perspicere,</strong></span> <span class='ocrx_word' id='word_1_40' title='bbox 906 1768 1129 1872; x_wconf 91' lang='lat' dir='ltr'><strong>despiciunt</strong></span> <span class='ocrx_word' id='word_1_41' title='bbox 1152 1771 1282 1845; x_wconf 89' lang='lat' dir='ltr'><strong>autem</strong></span> <span class='ocrx_word' id='word_1_42' title='bbox 1305 1790 1369 1843; x_wconf 91' lang='lat' dir='ltr'><strong>eos</strong></span> <span class='ocrx_word' id='word_1_43' title='bbox 1389 1770 1428 1843; x_wconf 87' lang='lat' dir='ltr'><strong>et</strong></span> 
     </span>
     <span class='ocr_line' id='line_1_8' title="bbox 455 1906 1426 2015; baseline -0.01 -21"><span class='ocrx_word' id='word_1_44' title='bbox 455 1918 734 2011; x_wconf 84' lang='lat' dir='ltr'><strong>contemnunt,</strong></span> <span class='ocrx_word' id='word_1_45' title='bbox 757 1914 798 1990; x_wconf 93' lang='lat' dir='ltr'><strong>in</strong></span> <span class='ocrx_word' id='word_1_46' title='bbox 823 1911 964 2015; x_wconf 91' lang='lat' dir='ltr'><strong>quibus</strong></span> <span class='ocrx_word' id='word_1_47' title='bbox 990 1911 1092 1989; x_wconf 92' lang='lat' dir='ltr'><strong>nihil</strong></span> <span class='ocrx_word' id='word_1_48' title='bbox 1115 1908 1301 2005; x_wconf 81' lang='lat' dir='ltr'><strong>virtutis,</strong></span> <span class='ocrx_word' id='word_1_49' title='bbox 1322 1906 1426 1984; x_wconf 91' lang='lat' dir='ltr'><strong>nihil</strong></span> 
     </span>
     <span class='ocr_line' id='line_1_9' title="bbox 444 2052 1124 2156; baseline -0.001 -25"><span class='ocrx_word' id='word_1_50' title='bbox 444 2054 597 2150; x_wconf 86' lang='lat' dir='ltr'><strong>animi,</strong></span> <span class='ocrx_word' id='word_1_51' title='bbox 620 2052 721 2132; x_wconf 92' lang='lat' dir='ltr'><strong>nihil</strong></span> <span class='ocrx_word' id='word_1_52' title='bbox 742 2078 951 2130; x_wconf 89' lang='lat' dir='ltr'><strong>nervorum</strong></span> <span class='ocrx_word' id='word_1_53' title='bbox 970 2055 1124 2156; x_wconf 84' lang='lat' dir='ltr'><strong>putant.</strong></span> 
     </span>
    </p>

    <p class='ocr_par' dir='ltr' id='par_1_3' title="bbox 451 2194 1425 3558">
     <span class='ocr_line' id='line_1_10' title="bbox 510 2194 1425 2299; baseline 0.008 -33"><span class='ocrx_word' id='word_1_54' title='bbox 510 2230 529 2264; x_wconf 81' lang='lat'>„</span> <span class='ocrx_word' id='word_1_55' title='bbox 552 2195 688 2272; x_wconf 85' lang='lat' dir='ltr'><strong>Altera</strong></span> <span class='ocrx_word' id='word_1_56' title='bbox 708 2200 837 2272; x_wconf 89' lang='lat' dir='ltr'><strong>tamen</strong></span> <span class='ocrx_word' id='word_1_57' title='bbox 857 2197 904 2272; x_wconf 93' lang='lat' dir='ltr'><strong>ad</strong></span> <span class='ocrx_word' id='word_1_58' title='bbox 924 2194 1088 2297; x_wconf 82' lang='lat' dir='ltr'><strong>gloriam</strong></span> <span class='ocrx_word' id='word_1_59' title='bbox 1108 2196 1220 2299; x_wconf 90' lang='lat' dir='ltr'><strong>quasi</strong></span> <span class='ocrx_word' id='word_1_60' title='bbox 1239 2221 1425 2298; x_wconf 90' lang='lat' dir='ltr'><strong>compen-</strong></span> 
     </span>
     <span class='ocr_line' id='line_1_11' title="bbox 453 2318 1421 2441; baseline 0.003 -32"><span class='ocrx_word' id='word_1_61' title='bbox 453 2318 579 2411; x_wconf 86' lang='lat' dir='ltr'><strong>diaria</strong></span> <span class='ocrx_word' id='word_1_62' title='bbox 597 2334 681 2430; x_wconf 78' lang='lat' dir='ltr'><strong>via,</strong></span> <span class='ocrx_word' id='word_1_63' title='bbox 700 2334 733 2410; x_wconf 90' lang='lat' dir='ltr'><strong>si</strong></span> <span class='ocrx_word' id='word_1_64' title='bbox 754 2336 841 2438; x_wconf 89' lang='lat' dir='ltr'><strong>quis</strong></span> <span class='ocrx_word' id='word_1_65' title='bbox 865 2336 902 2412; x_wconf 95' lang='lat' dir='ltr'><strong>id</strong></span> <span class='ocrx_word' id='word_1_66' title='bbox 927 2339 1018 2439; x_wconf 90' lang='lat' dir='ltr'><strong>agat</strong></span> <span class='ocrx_word' id='word_1_67' title='bbox 1042 2342 1108 2434; x_wconf 88' lang='lat' dir='ltr'><strong>ut,</strong></span> <span class='ocrx_word' id='word_1_68' title='bbox 1131 2337 1259 2441; x_wconf 91' lang='lat' dir='ltr'><strong>qualis</strong></span> <span class='ocrx_word' id='word_1_69' title='bbox 1287 2337 1421 2414; x_wconf 84' lang='lat' dir='ltr'><strong>haberi</strong></span> 
     </span>
     <span class='ocr_line' id='line_1_12' title="bbox 453 2475 1422 2581; baseline 0.002 -29"><span class='ocrx_word' id='word_1_70' title='bbox 453 2475 570 2572; x_wconf 88' lang='lat' dir='ltr'><strong>velit,</strong></span> <span class='ocrx_word' id='word_1_71' title='bbox 600 2476 691 2552; x_wconf 89' lang='lat' dir='ltr'><strong>talis</strong></span> <span class='ocrx_word' id='word_1_72' title='bbox 720 2476 785 2553; x_wconf 91' lang='lat' dir='ltr'><strong>sit.</strong></span> <span class='ocrx_word' id='word_1_73' title='bbox 811 2477 920 2562; x_wconf 85' lang='lat' dir='ltr'><strong>Quod</strong></span> <span class='ocrx_word' id='word_1_74' title='bbox 949 2478 982 2554; x_wconf 93' lang='lat' dir='ltr'><strong>si</strong></span> <span class='ocrx_word' id='word_1_75' title='bbox 1011 2478 1079 2581; x_wconf 90' lang='lat' dir='ltr'><strong>qui</strong></span> <span class='ocrx_word' id='word_1_76' title='bbox 1107 2477 1358 2555; x_wconf 70' lang='lat' dir='ltr'><strong>simulatione</strong></span> <span class='ocrx_word' id='word_1_77' title='bbox 1383 2482 1422 2554; x_wconf 92' lang='lat' dir='ltr'><strong>et</strong></span> 
     </span>
     <span class='ocr_line' id='line_1_13' title="bbox 453 2617 1423 2716; baseline -0.001 -23"><span class='ocrx_word' id='word_1_78' title='bbox 453 2617 563 2694; x_wconf 92' lang='lat' dir='ltr'><strong>inani</strong></span> <span class='ocrx_word' id='word_1_79' title='bbox 578 2619 837 2696; x_wconf 76' lang='lat' dir='ltr'><strong>ostentatione</strong></span> <span class='ocrx_word' id='word_1_80' title='bbox 849 2679 858 2716; x_wconf 92' lang='lat'>,</span> <span class='ocrx_word' id='word_1_81' title='bbox 870 2623 909 2696; x_wconf 91' lang='lat' dir='ltr'><strong>et</strong></span> <span class='ocrx_word' id='word_1_82' title='bbox 924 2620 1013 2696; x_wconf 86' lang='lat' dir='ltr'><strong>ficto</strong></span> <span class='ocrx_word' id='word_1_83' title='bbox 1028 2645 1106 2697; x_wconf 89' lang='lat' dir='ltr'><strong>non</strong></span> <span class='ocrx_word' id='word_1_84' title='bbox 1122 2618 1232 2696; x_wconf 90' lang='lat' dir='ltr'><strong>modo</strong></span> <span class='ocrx_word' id='word_1_85' title='bbox 1248 2642 1423 2696; x_wconf 90' lang='lat' dir='ltr'><strong>sermone</strong></span> 
     </span>
     <span class='ocr_line' id='line_1_14' title="bbox 453 2760 1420 2865; baseline -0.001 -28"><span class='ocrx_word' id='word_1_86' title='bbox 453 2761 647 2838; x_wconf 87' lang='lat' dir='ltr'><strong>sedetiam</strong></span> <span class='ocrx_word' id='word_1_87' title='bbox 657 2760 771 2838; x_wconf 86' lang='lat' dir='ltr'><strong>vultu</strong></span> <span class='ocrx_word' id='word_1_88' title='bbox 783 2823 792 2858; x_wconf 85' lang='lat'>‚</span> <span class='ocrx_word' id='word_1_89' title='bbox 806 2762 985 2840; x_wconf 88' lang='lat' dir='ltr'><strong>stabilem</strong></span> <span class='ocrx_word' id='word_1_90' title='bbox 1001 2788 1041 2840; x_wconf 87' lang='lat' dir='ltr'><strong>se</strong></span> <span class='ocrx_word' id='word_1_91' title='bbox 1054 2761 1223 2864; x_wconf 80' lang='lat' dir='ltr'><strong>gloriam</strong></span> <span class='ocrx_word' id='word_1_92' title='bbox 1237 2761 1420 2865; x_wconf 85' lang='lat' dir='ltr'><strong>consequi</strong></span> 
     </span>
     <span class='ocr_line' id='line_1_15' title="bbox 451 2904 1422 3007; baseline -0.001 -26"><span class='ocrx_word' id='word_1_93' title='bbox 451 2929 561 3007; x_wconf 90' lang='lat' dir='ltr'><strong>posse</strong></span> <span class='ocrx_word' id='word_1_94' title='bbox 581 2908 733 3002; x_wconf 85' lang='lat' dir='ltr'><strong>rentur,</strong></span> <span class='ocrx_word' id='word_1_95' title='bbox 751 2906 999 2984; x_wconf 82' lang='lat' dir='ltr'><strong>vehementer</strong></span> <span class='ocrx_word' id='word_1_96' title='bbox 1013 2911 1160 2985; x_wconf 86' lang='lat' dir='ltr'><strong>errant.</strong></span> <span class='ocrx_word' id='word_1_97' title='bbox 1178 2906 1283 2982; x_wconf 86' lang='lat' dir='ltr'><strong>Vera</strong></span> <span class='ocrx_word' id='word_1_98' title='bbox 1296 2904 1422 3007; x_wconf 89' lang='lat' dir='ltr'><strong>gloria</strong></span> 
     </span>
     <span class='ocr_line' id='line_1_16' title="bbox 452 3046 1422 3152; baseline 0 -29"><span class='ocrx_word' id='word_1_99' title='bbox 452 3046 600 3125; x_wconf 82' lang='lat' dir='ltr'><strong>radices</strong></span> <span class='ocrx_word' id='word_1_100' title='bbox 628 3047 732 3150; x_wconf 85' lang='lat' dir='ltr'><strong>agit,</strong></span> <span class='ocrx_word' id='word_1_101' title='bbox 760 3053 876 3151; x_wconf 87' lang='lat' dir='ltr'><strong>atque</strong></span> <span class='ocrx_word' id='word_1_102' title='bbox 903 3048 1022 3126; x_wconf 84' lang='lat' dir='ltr'><strong>etiam</strong></span> <span class='ocrx_word' id='word_1_103' title='bbox 1051 3051 1304 3152; x_wconf 65' lang='lat' dir='ltr'><strong>propagatum</strong></span> <span class='ocrx_word' id='word_1_104' title='bbox 1332 3047 1422 3123; x_wconf 87' lang='lat' dir='ltr'><strong>ficta</strong></span> 
     </span>
     <span class='ocr_line' id='line_1_17' title="bbox 451 3188 1420 3295; baseline 0.003 -31"><span class='ocrx_word' id='word_1_105' title='bbox 451 3188 583 3267; x_wconf 90' lang='lat' dir='ltr'><strong>omnia</strong></span> <span class='ocrx_word' id='word_1_106' title='bbox 601 3189 793 3287; x_wconf 90' lang='lat' dir='ltr'><strong>celeriter,</strong></span> <span class='ocrx_word' id='word_1_107' title='bbox 812 3194 1000 3295; x_wconf 89' lang='lat' dir='ltr'><strong>tanquam</strong></span> <span class='ocrx_word' id='word_1_108' title='bbox 1019 3189 1195 3288; x_wconf 86' lang='lat' dir='ltr'><strong>flosculi,</strong></span> <span class='ocrx_word' id='word_1_109' title='bbox 1217 3189 1420 3285; x_wconf 84' lang='lat' dir='ltr'><strong>decidunt,</strong></span> 
     </span>
     <span class='ocr_line' id='line_1_18' title="bbox 451 3336 1422 3443; baseline 0 -30"><span class='ocrx_word' id='word_1_110' title='bbox 451 3360 523 3413; x_wconf 90' lang='lat' dir='ltr'><strong>nec</strong></span> <span class='ocrx_word' id='word_1_111' title='bbox 543 3336 774 3415; x_wconf 80' lang='lat' dir='ltr'><strong>simulatum</strong></span> <span class='ocrx_word' id='word_1_112' title='bbox 794 3341 920 3441; x_wconf 88' lang='lat' dir='ltr'><strong>potest</strong></span> <span class='ocrx_word' id='word_1_113' title='bbox 939 3336 1151 3443; x_wconf 90' lang='lat' dir='ltr'><strong>quidquam</strong></span> <span class='ocrx_word' id='word_1_114' title='bbox 1170 3364 1255 3417; x_wconf 91' lang='lat' dir='ltr'><strong>esse</strong></span> <span class='ocrx_word' id='word_1_115' title='bbox 1273 3338 1422 3416; x_wconf 85' lang='lat' dir='ltr'><strong>diutur-</strong></span> 
     </span>
     <span class='ocr_line' id='line_1_19' title="bbox 452 3504 561 3558; baseline 0.018 -2"><span class='ocrx_word' id='word_1_116' title='bbox 452 3504 561 3558; x_wconf 88' lang='lat' dir='ltr'><strong>num.</strong></span> 
     </span>
    </p>

    <p class='ocr_par' dir='ltr' id='par_1_4' title="bbox 449 3620 1421 4440">
     <span class='ocr_line' id='line_1_20' title="bbox 505 3620 1421 3729; baseline -0.001 -29"><span class='ocrx_word' id='word_1_117' title='bbox 505 3654 524 3689; x_wconf 85' lang='lat'>„</span> <span class='ocrx_word' id='word_1_118' title='bbox 546 3620 761 3700; x_wconf 90' lang='lat' dir='ltr'><strong>Minuenda</strong></span> <span class='ocrx_word' id='word_1_119' title='bbox 779 3621 897 3700; x_wconf 84' lang='lat' dir='ltr'><strong>etiam</strong></span> <span class='ocrx_word' id='word_1_120' title='bbox 916 3623 1045 3729; x_wconf 89' lang='lat' dir='ltr'><strong>opinio</strong></span> <span class='ocrx_word' id='word_1_121' title='bbox 1064 3648 1197 3701; x_wconf 90' lang='lat' dir='ltr'><strong>eorum</strong></span> <span class='ocrx_word' id='word_1_122' title='bbox 1216 3621 1285 3727; x_wconf 92' lang='lat' dir='ltr'><strong>qui</strong></span> <span class='ocrx_word' id='word_1_123' title='bbox 1310 3621 1421 3701; x_wconf 90' lang='lat' dir='ltr'><strong>arbi-</strong></span> 
     </span>
     <span class='ocr_line' id='line_1_21' title="bbox 449 3765 1419 3870; baseline 0.006 -31"><span class='ocrx_word' id='word_1_124' title='bbox 449 3768 608 3842; x_wconf 90' lang='lat' dir='ltr'><strong>trantur</strong></span> <span class='ocrx_word' id='word_1_125' title='bbox 626 3790 687 3842; x_wconf 91' lang='lat' dir='ltr'><strong>res</strong></span> <span class='ocrx_word' id='word_1_126' title='bbox 705 3765 864 3843; x_wconf 90' lang='lat' dir='ltr'><strong>bellicas</strong></span> <span class='ocrx_word' id='word_1_127' title='bbox 884 3769 1050 3870; x_wconf 88' lang='lat' dir='ltr'><strong>majores</strong></span> <span class='ocrx_word' id='word_1_128' title='bbox 1070 3770 1109 3844; x_wconf 86' lang='lat' dir='ltr'><strong>et</strong></span> <span class='ocrx_word' id='word_1_129' title='bbox 1127 3767 1311 3846; x_wconf 89' lang='lat' dir='ltr'><strong>clariores</strong></span> <span class='ocrx_word' id='word_1_130' title='bbox 1336 3794 1419 3846; x_wconf 89' lang='lat' dir='ltr'><strong>esse</strong></span> 
     </span>
     <span class='ocr_line' id='line_1_22' title="bbox 449 3909 1419 4017; baseline 0.006 -34"><span class='ocrx_word' id='word_1_131' title='bbox 449 3932 564 4011; x_wconf 89' lang='lat' dir='ltr'><strong>quam</strong></span> <span class='ocrx_word' id='word_1_132' title='bbox 593 3910 777 3987; x_wconf 77' lang='lat' dir='ltr'><strong>urbanas</strong></span> <span class='ocrx_word' id='word_1_133' title='bbox 800 3909 919 3988; x_wconf 90' lang='lat' dir='ltr'><strong>Multi</strong></span> <span class='ocrx_word' id='word_1_134' title='bbox 948 3910 1053 3988; x_wconf 84' lang='lat' dir='ltr'><strong>enirn</strong></span> <span class='ocrx_word' id='word_1_135' title='bbox 1080 3911 1182 3989; x_wconf 88' lang='lat' dir='ltr'><strong>bella</strong></span> <span class='ocrx_word' id='word_1_136' title='bbox 1208 3937 1308 4017; x_wconf 87' lang='lat' dir='ltr'><strong>saepe</strong></span> <span class='ocrx_word' id='word_1_137' title='bbox 1333 3938 1419 4016; x_wconf 91' lang='lat' dir='ltr'><strong>quae</strong></span> 
     </span>
     <span class='ocr_line' id='line_1_23' title="bbox 450 4047 1419 4159; baseline 0.007 -34"><span class='ocrx_word' id='word_1_138' title='bbox 450 4047 603 4127; x_wconf 85' lang='lat' dir='ltr'><strong>sierunt</strong></span> <span class='ocrx_word' id='word_1_139' title='bbox 621 4055 776 4154; x_wconf 91' lang='lat' dir='ltr'><strong>propter</strong></span> <span class='ocrx_word' id='word_1_140' title='bbox 795 4052 930 4155; x_wconf 88' lang='lat' dir='ltr'><strong>gloriae</strong></span> <span class='ocrx_word' id='word_1_141' title='bbox 949 4050 1224 4155; x_wconf 88' lang='lat' dir='ltr'><strong>cupiditatem,</strong></span> <span class='ocrx_word' id='word_1_142' title='bbox 1242 4058 1358 4159; x_wconf 88' lang='lat' dir='ltr'><strong>atque</strong></span> <span class='ocrx_word' id='word_1_143' title='bbox 1381 4056 1419 4132; x_wconf 94' lang='lat' dir='ltr'><strong>id</strong></span> 
     </span>
     <span class='ocr_line' id='line_1_24' title="bbox 449 4188 1421 4297; baseline 0.003 -31"><span class='ocrx_word' id='word_1_144' title='bbox 449 4188 490 4268; x_wconf 92' lang='lat' dir='ltr'><strong>in</strong></span> <span class='ocrx_word' id='word_1_145' title='bbox 503 4192 656 4295; x_wconf 89' lang='lat' dir='ltr'><strong>magnis</strong></span> <span class='ocrx_word' id='word_1_146' title='bbox 673 4193 815 4271; x_wconf 89' lang='lat' dir='ltr'><strong>animis</strong></span> <span class='ocrx_word' id='word_1_147' title='bbox 832 4192 1077 4297; x_wconf 83' lang='lat' dir='ltr'><strong>ingeniisque</strong></span> <span class='ocrx_word' id='word_1_148' title='bbox 1091 4194 1319 4297; x_wconf 90' lang='lat' dir='ltr'><strong>plerumque</strong></span> <span class='ocrx_word' id='word_1_149' title='bbox 1335 4218 1421 4269; x_wconf 91' lang='lat' dir='ltr'><strong>con·</strong></span> 
     </span>
     <span class='ocr_line' id='line_1_25' title="bbox 449 4332 1419 4440; baseline 0.003 -31"><span class='ocrx_word' id='word_1_150' title='bbox 449 4332 591 4435; x_wconf 83' lang='lat' dir='ltr'><strong>tingit,</strong></span> <span class='ocrx_word' id='word_1_151' title='bbox 613 4361 732 4440; x_wconf 90' lang='lat' dir='ltr'><strong>eoque</strong></span> <span class='ocrx_word' id='word_1_152' title='bbox 752 4337 900 4438; x_wconf 87' lang='lat' dir='ltr'><strong>magis,</strong></span> <span class='ocrx_word' id='word_1_153' title='bbox 926 4336 960 4415; x_wconf 90' lang='lat' dir='ltr'><strong>si</strong></span> <span class='ocrx_word' id='word_1_154' title='bbox 981 4336 1140 4414; x_wconf 89' lang='lat' dir='ltr'><strong>suntad</strong></span> <span class='ocrx_word' id='word_1_155' title='bbox 1160 4360 1241 4412; x_wconf 91' lang='lat' dir='ltr'><strong>rem</strong></span> <span class='ocrx_word' id='word_1_156' title='bbox 1264 4335 1419 4412; x_wconf 91' lang='lat' dir='ltr'><strong>milita-</strong></span> 
     </span>
    </p>
   </div>
   <div class='ocr_carea' id='block_1_3' title="bbox 0 0 1830 5542">
    <p class='ocr_par' dir='ltr' id='par_1_5' title="bbox 0 0 1830 5542">
     <span class='ocr_line' id='line_1_26' title="bbox 0 0 1830 5542; baseline 0 3"><span class='ocrx_word' id='word_1_157' title='bbox 0 0 1830 5542; x_wconf 95' lang='lat' dir='ltr'><strong> </strong></span> 
     </span>
    </p>
   </div>
  </div>
 </body>
</html>
