3650 5542
779 855 979 920 -23-.

392 1045 555 1123 oonsilia
598 1046 757 1123 deorum
798 1044 968 1121 oraculis
1012 1046 1163 1148 potiora
1202 1049 1359 1128 ducens.

442 1189 543 1264 Nam
553 1211 684 1291 ,quum
703 1185 819 1288 paulo
847 1192 938 1264 ante
964 1187 1155 1291 DelphoS,
1179 1195 1224 1268 ut
1241 1192 1358 1270 multi

389 1329 582 1425 solebant,
604 1328 821 1430 profectus,
843 1328 1066 1432 Apollinem
1081 1329 1358 1426 consuluisset,

391 1494 561 1575 quanam
587 1468 652 1546 via
676 1469 724 1545 ad
748 1495 943 1546 summam
966 1471 1132 1572 gloriam
1160 1471 1362 1573 pervenire

389 1621 540 1718 posset,
563 1614 766 1692 oraculum
784 1615 934 1692 editum
949 1616 1096 1712 fuerat,
1119 1642 1230 1693 suam
1250 1622 1361 1695 natu-

389 1782 488 1855 ram,
512 1783 589 1835 non
609 1758 879 1835 multitudinis
898 1758 1119 1860 opinionem
1138 1759 1275 1836 ducem
1294 1760 1361 1836 vi-

389 1903 439 1977 tae
459 1904 705 2004 sequeretur3
737 1924 812 2003 quo
836 1899 993 2003 quidem
1020 1926 1204 2003 responso
1223 1902 1367 1983 Nostri

386 2044 434 2120 ad
453 2038 947 2147 prosequendam'gloriam
971 2043 1202 2121 immodicus
1229 2045 1359 2123 forsan

387 2186 500 2262 ardor
519 2184 762 2288 aliquamdiu
781 2209 983 2286 repressus
1003 2191 1076 2262 est.

438 2330 603 2407 Romam
633 2326 770 2429 igitur,
802 2330 847 2402 ut
872 2325 977 2422 dixi,
1005 2352 1210 2423 reversus,
1233 2326 1358 2429 primo

385 2470 519 2548 timide
537 2469 656 2565 vixit,
679 2472 718 2545 et
732 2469 778 2547 ad
795 2467 959 2545 honores
979 2469 1204 2547 dubitanter
1223 2494 1358 2546 aooes-

386 2612 458 2706 sit,
481 2636 552 2688 neo
571 2610 653 2688 ullo
673 2610 713 2686 in
734 2634 896 2687 numero
917 2610 1101 2709 habitus,
1124 2611 1189 2689 sed
1214 2636 1359 2713 graecu-

384 2756 447 2831 lus
468 2758 584 2858 atque
608 2752 756 2830 otiosus
784 2752 1002 2855 appellatus
1021 2750 1119 2831 fuid
1142 2778 1150 2831 :
1174 2778 1261 2857 quae
1280 2778 1358 2829 no-

385 2896 492 2972 mina
525 2893 672 2971 infimis
705 2898 744 2970 et
776 2893 943 2971 sordidis
978 2893 1201 2972 hominibus
1227 2895 1357 2972 inore

384 3064 468 3116 esse
504 3038 800 3114 consueverant.
840 3036 1057 3139 Postquam
1094 3060 1185 3114 vero
1220 3033 1356 3110 innata

385 3179 577 3283 honorum
611 3176 824 3279 eupiditate
855 3177 1018 3275 duetus,
1054 3182 1172 3281 atque
1204 3176 1355 3253 amieo-

384 3345 499 3415 rum,
520 3319 847 3422 propinquorum,
870 3318 1192 3421 philosophorum
1212 3315 1355 3391 cohor-

385 3460 532 3538 tatione
553 3459 761 3556 inuitatus,
784 3486 825 3536 se
843 3464 971 3538 totum
990 3457 1219 3569 patroeiniis
1240 3453 1355 3532 tradi-

382 3600 512 3697 derat,
535 3625 612 3677 non
628 3602 712 3702 jam
731 3601 965 3703 pedetentim
985 3598 1199 3702 prinoipem
1227 3596 1355 3672 locum

382 3738 571 3835 obtinuit,
608 3741 674 3817 sed
693 3741 795 3818 hano
820 3744 867 3819 ad
891 3766 1024 3819 veram
1052 3739 1217 3842 gloriam
1251 3737 1354 3813 viam

385 3880 588 3983 ingressus
622 3889 701 3977 est,
727 3884 867 3987 inqua
898 3884 997 3979 labi,
1024 3908 1178 3977 errare,
1215 3887 1355 3958 nutare

386 4022 503 4125 (quod
524 4023 742 4101 humanum
765 4024 841 4129 est)
869 4026 1015 4128 potuit,
1046 4049 1161 4128 quam
1188 4047 1280 4099 vero
1307 4047 1357 4097 ne

419 4342 426 4374 ¹
442 4341 537 4411 Γραικὸς
550 4340 589 4392 καὶ
600 4341 760 4397 maumam.
