3650 5542
754 918 953 982 ..57-

369 1106 500 1183 virum
519 1105 634 1183 illum
653 1131 730 1185 non
750 1108 937 1186 admirari
965 1111 1052 1214 qui,
1075 1113 1116 1189 in
1136 1116 1247 1191 tanta
1265 1142 1341 1192 mo·

369 1274 457 1359 rum
484 1249 748 1352 corruptione,
775 1275 897 1353 quum
927 1277 1037 1331 novae
1061 1258 1099 1332 et
1117 1256 1226 1335 falsae
1246 1259 1341 1336 doc-

368 1389 484 1467 trinae
512 1390 690 1468 certatim
715 1391 887 1495 undique
913 1399 1186 1496 erumperent,
1218 1420 1340 1500 quum

345 1531 347 1535 ’
369 1530 449 1633 ipse
468 1532 686 1609 communis
701 1558 839 1611 sensus
860 1533 901 1610 in
922 1534 1127 1613 altissimis
1147 1537 1341 1640 deprava-

368 1678 477 1751 retur
496 1674 690 1777 ingeniiS,
711 1702 862 1781 eaquae
889 1702 983 1755 vera
1001 1685 1040 1757 et
1058 1680 1223 1759 honesta
1242 1709 1339 1761 sen-

367 1816 473 1915 tiret,
495 1822 577 1896 tam
595 1820 722 1918 firma,
744 1824 825 1898 tam
844 1821 937 1899 viva
952 1847 1043 1900 voce
1062 1823 1335 1904 declaraverit.

419 1960 554 2063 ltaque
573 1961 619 2037 de
638 1962 692 2039 M.
715 1961 836 2039 Tullii
857 1962 983 2064 gloria
1003 1963 1126 2039 solam
1150 1967 1188 2040 et
1207 1964 1339 2041 certis·

368 2103 507 2181 simam
526 2105 690 2181 humani
709 2106 863 2207 generis
884 2131 992 2209 spem
1010 2106 1276 2204 defendentis,
1299 2109 1338 2186 id

366 2251 426 2324 est
439 2248 662 2324 animarum
677 2247 800 2324 vitam
815 2247 1091 2345 immortalem,
1110 2248 1222 2325 nulla
1237 2250 1338 2351 apud

366 2390 564 2485 homines,
591 2390 796 2465 dummodo
822 2389 965 2466 sinceri
984 2393 1023 2466 et
1050 2387 1195 2490 integri
1215 2388 1337 2465 animi

366 2530 468 2626 sint,
500 2529 765 2606 controversia
793 2553 967 2632 unquam
995 2528 1079 2604 fieri
1105 2527 1268 2630 poterit3
1292 2528 1338 2603 de

367 2673 434 2750 illo
454 2676 587 2749 contra
606 2671 724 2748 otiam
740 2696 846 2747 nunc
861 2670 1076 2772 ambigitur
1095 2673 1231 2746 utrum
1246 2670 1335 2771 plus

363 2810 452 2887 boni
471 2836 521 2887 an
541 2811 634 2887 mali
654 2810 788 2887 fecerit
811 2811 1060 2909 hominibUS,
1091 2816 1226 2887 utrum
1246 2811 1336 2913 plus

363 2977 463 3029 verae
483 2978 533 3029 an
556 2952 665 3029 falsae
693 2951 906 3029 obtinuerit
925 2952 1060 3054 gloriae
1080 2952 1148 3055 qui
1174 2950 1216 3029 in
1243 2976 1336 3057 am-

363 3090 539 3191 plissimo
558 3097 597 3167 et
615 3091 864 3167 sanctissimo
894 3091 998 3168 orbis
1019 3095 1214 3169 terrarum
1239 3115 1337 3167 con-

363 3232 452 3310 eilio
477 3233 704 3311 detestanda
731 3232 807 3310 ista
833 3232 1090 3335 pronuntiare
1121 3256 1200 3309 non
1229 3230 1337 3309 dubi·

363 3374 506 3453 taverit
526 3400 535 3453 :
550 3384 822 3477 postmortem
843 3375 965 3467 nibil,
987 3400 1092 3451 mors
1113 3376 1197 3475 ricco
1217 3375 1330 3451 nibil.
1370 3405 1375 3413 ·

413 3515 533 3594 Caius
554 3516 677 3618 igitur
694 3516 828 3594 Caesar
847 3517 951 3594 inter
970 3542 1033 3593 eos
1055 3516 1141 3593 sine
1162 3516 1246 3594 ulla
1266 3516 1333 3592 du-

361 3659 547 3737 bitatione
566 3659 886 3736 annumerandus
905 3684 1001 3763 quos
1017 3660 1143 3754 DeuS,
1162 3661 1207 3735 ut
1222 3657 1335 3734 ordi—

362 3824 449 3878 nem
470 3800 605 3877 saeculi
634 3800 839 3903 praesentis
863 3814 1040 3896 ornaret,
1070 3803 1175 3877 certo
1203 3823 1336 3875 rerum

361 3946 400 4017 et
432 3946 649 4044 temporum
680 3941 815 4018 ordine
848 3942 889 4017 in
919 3942 1046 4017 lucem
1073 3938 1250 4044 protulit.
1283 3938 1336 4015 Hi

361 4106 454 4159 sane
468 4084 698 4183 receperunt
712 4083 925 4159 mercedem
942 4106 1054 4159 suam
1069 4081 1161 4158 vani
1172 4104 1331 4175 vanam,

360 4223 426 4327 qui
447 4249 569 4327 quum
588 4224 754 4326 gloriam
774 4225 859 4301 sine
879 4224 1058 4327 justitia,
1082 4224 1166 4301 sine
1186 4222 1335 4301 uirtute

361 4364 629 4469 quaesiissent,
652 4366 816 4467 gloriam
836 4366 937 4444 votis
959 4366 1042 4456 suis
1063 4390 1195 4472 parem
1216 4364 1333 4441 inve-
