3650 5542
779 924 979 990 ..41ss

447 1150 465 1182 c
488 1119 649 1194 Naturae
677 1117 801 1219 igitur
830 1118 976 1193 nostrae
1005 1115 1175 1217 cognitio
1202 1120 1241 1193 et
1269 1142 1366 1194 con-

284 1298 288 1303 *
390 1254 589 1358 templatio
613 1254 750 1358 gloriae
773 1278 945 1331 amorem
969 1253 1248 1357 quodammodo
1268 1280 1365 1358 par-

390 1395 508 1492 turit,
526 1422 612 1499 quae
631 1398 762 1473 tamen
782 1393 947 1472 scientia
966 1394 1051 1498 ipsa
1065 1420 1133 1498 per
1149 1421 1190 1475 se
1205 1420 1361 1495 manca,

391 1542 436 1615 ut
463 1538 519 1615 ita
544 1535 690 1634 dicam,
722 1540 761 1613 et
786 1536 969 1614 inchoata
995 1539 1151 1615 tantum
1178 1542 1302 1637 esset,
1331 1540 1364 1617 si

390 1677 501 1755 nulla
519 1677 619 1754 actio
639 1700 770 1754 rerum
790 1681 1105 1780 consequeretur.
1125 1678 1243 1755 Ratio
1258 1678 1364 1757 enim

389 1818 482 1895 facit
505 1818 701 1895 hominem
725 1816 930 1894 hominurn
956 1819 1222 1920 appetentem,
1246 1842 1361 1894 cum-

390 1984 464 2063 que
483 1958 544 2035 his
566 1962 708 2035 natura
726 1961 766 2034 et
784 1981 860 2034 usu
880 1957 1182 2058 congruentem,
1204 1960 1250 2033 ut
1268 1981 1363 2059 pro-

389 2100 512 2176 fectus
542 2125 565 2175 a
594 2098 756 2175 caritate
788 2091 1089 2174 domesticorum
1123 2121 1167 2171 ac
1200 2120 1362 2173 suorum

390 2244 520 2344 serpat
537 2241 694 2343 longius
709 2302 718 2337 ,
736 2243 775 2316 et
794 2264 835 2316 se
855 2237 1029 2341 implicet
1047 2237 1172 2341 primo
1192 2238 1360 2337 civium,

388 2382 524 2460 deinde
549 2381 725 2460 omnium
750 2379 978 2458 mortalium
1006 2380 1209 2478 societate,
1230 2404 1302 2458 nec
1322 2407 1363 2459 se

390 2522 461 2599 sibi
483 2523 554 2600 soli
576 2526 713 2600 natum
733 2520 898 2619 sentiat,
918 2523 983 2600 sed
998 2523 1158 2625 patriae,
1177 2523 1243 2601 sed
1260 2522 1358 2621 suis,

388 2672 433 2744 ut
451 2667 663 2771 perexigua
677 2666 770 2745 vitae
790 2693 871 2745 suae
890 2692 980 2772 pars
1002 2666 1077 2773 ipsi
1097 2667 1357 2772 relinquatur.

445 2842 463 2876 a
486 2810 546 2886 lta
569 2808 615 2886 fit
640 2812 685 2886 ut
708 2808 844 2911 gloriae
870 2834 979 2886 amor
998 2811 1045 2887 ab
1068 2808 1209 2887 intima
1228 2813 1362 2888 nostra

388 2951 532 3025 natura
558 2949 753 3051 profectus
781 2949 828 3026 ad
858 2947 1265 3052 societatemgeneris
1291 2949 1362 3026 hu-

388 3087 494 3165 mani
518 3086 734 3191 pertineat,
757 3090 796 3165 et
814 3112 907 3165 vera
926 3087 1074 3167 virtute
1098 3087 1210 3193 quasi
1234 3112 1361 3166 neces·

389 3228 491 3305 sario
511 3229 762 3347 fundamento
782 3220 949 3307 nitatur}

444 3400 463 3436 c
485 3369 593 3446 Inter
611 3369 776 3447 honores
796 3367 951 3473 quidem
966 3372 1005 3446 et
1023 3368 1188 3471 gloriam
1208 3394 1362 3449 summa

384 3512 445 3587 est
465 3510 675 3614 diligenter
693 3511 923 3614 aprincipio
938 3511 1109 3590 notanda
1121 3509 1355 3593 differentia.
1403 3508 1405 3513 ’

444 3684 462 3718 n
480 3652 567 3729 Non
583 3655 678 3730 sunt
696 3652 801 3730 enim
820 3651 998 3756 imperia,
1017 3653 1291 3755 magistratus,
1314 3658 1361 3731 ut
1459 3643 1461 3648 ’

385 3790 561 3895 plerique
592 3795 753 3896 putant,
789 3818 891 3871 verae
919 3793 1054 3897 gloriae
1092 3798 1132 3872 et
1159 3795 1359 3887 diuturnae

385 3931 547 4034 pignus,
570 3936 625 4025 et,
646 3938 691 4011 ut
710 3933 766 4011 ita
780 3931 930 4031 dicam,
953 3936 1059 4011 certa
1077 3931 1352 4037 praerogativa.

387 4068 483 4155 Quis
511 4074 691 4149 nostrum
719 4097 759 4149 se
787 4072 913 4149 dicere
936 4072 1097 4149 auderet
1123 4074 1181 4149 tot
1210 4074 1250 4148 et
1277 4074 1358 4149 tam

387 4209 609 4289 illustribus
634 4211 731 4289 viris
758 4238 889 4316 parem
915 4214 970 4291 M.
995 4212 1133 4309 Curio,
1160 4212 1355 4307 Fabricio,

387 4351 591 4440 Marcello,
614 4350 879 4456 Scipionibus?
897 4355 1042 4430 Tamen
1068 4354 1219 4430 eosdem
1244 4354 1358 4430 hono-
