3650 5542
684 869 966 960 ¹-er--

381 1063 466 1134 tum
487 1059 700 1155 sentiebat,
724 1083 794 1135 nec
814 1059 931 1136 ctiam
957 1058 1050 1162 quid
1077 1058 1150 1133 sibi
1178 1058 1351 1151 deesset,

382 1224 452 1274 cur
473 1198 513 1274 in
533 1205 644 1275 tanta
663 1201 823 1277 laudum
844 1202 1094 1277 othonorum
1115 1202 1356 1279 abundantia

382 1342 512 1419 nescio
531 1343 624 1446 quid
643 1344 757 1419 vacui
776 1347 816 1420 et
834 1344 1023 1446 inexpleti
1043 1344 1123 1421 alta
1139 1353 1356 1423 remaneret

383 1483 425 1561 in
453 1490 601 1582 mente,
632 1486 729 1563 satis
758 1484 979 1588 intelligere
1012 1490 1174 1589 poterat.
1210 1489 1353 1565 Paucis

383 1626 506 1728 igitur
524 1633 563 1704 et
581 1628 739 1705 omnino
758 1620 897 1731 paucis
917 1633 1007 1706 ante
1026 1628 1229 1707 Christum
1249 1632 1353 1708 natis

382 1769 602 1847 hominibus
622 1771 661 1847 id
681 1770 847 1873 contigit
864 1775 910 1848 ut
930 1797 1053 1875 usque
1068 1773 1114 1849 ad
1134 1776 1353 1850 extremum

381 1910 498 1988 finem
525 1913 679 2014 gloriae,
708 1912 826 1991 idest
849 1914 896 1989 ad
926 1918 1191 2017 contemptum
1214 1914 1352 2016 gloriae

381 2051 662 2157 procederent¹,
697 2061 742 2133 ut
771 2082 891 2158 supra
921 2057 1104 2134 mortalia
1131 2056 1245 2153 elati,
1275 2080 1353 2131 non

380 2197 486 2274 clara
509 2198 636 2275 adhuc
665 2200 729 2276 sed
750 2199 883 2301 aliqua
901 2202 1032 2276 tamen
1052 2199 1161 2294 luce,
1189 2180 1253 2273 res
1270 2198 1352 2273 hu-

381 2360 515 2413 manas
536 2339 627 2440 quid
653 2340 693 2415 in
721 2365 761 2415 se
781 2340 949 2416 habeant
977 2338 1113 2414 caduci
1129 2342 1167 2415 et
1186 2337 1349 2432 incerti,

379 2476 572 2570 viderent,
596 2475 734 2555 veram
752 2480 917 2581 gloriam
942 2481 983 2555 in
1010 2506 1103 2556 vera
1121 2479 1290 2573 virtute,
1314 2479 1349 2553 id

379 2606 499 2694 estin
519 2620 598 2696 Deo
618 2620 734 2697 sitam
754 2622 1082 2724 augurarenturt

431 2760 666 2862 Inter⁸quos
699 2763 838 2838 Noster
872 2786 949 2838 non
983 2762 1157 2837 humana
1187 2760 1351 2839 scientia

415 3048 423 3082 ⁴
438 3047 481 3103 cs.
497 3049 631 3118 Tuscum,
647 3048 757 3115 otest,
770 3048 788 3104 l.
802 3050 832 3118 Ι,
846 3050 899 3103 st:

414 3154 484 3219 Quid
496 3155 584 3211 nostri
595 3154 771 3228 philosophi?
782 3171 872 3211 nonne
885 3155 913 3210 in
924 3155 966 3211 his
977 3156 1044 3229 ipsis
1056 3155 1132 3213 libris
1145 3172 1216 3229 quos
1227 3158 1351 3213 scribunt

357 3300 360 3305 .
377 3250 411 3308 de
424 3253 622 3309 contemnenda
635 3253 738 3324 gloria,
751 3254 861 3311 nomina
875 3268 925 3310 sua
936 3254 1112 3311 inscribunt?

412 3350 546 3421 Tuscum,
560 3350 670 3417 Quest,
683 3350 702 3406 l.
717 3352 759 3423 11,
772 3354 801 3406 tt
821 3370 827 3406 :

413 3448 632 3521 Quotusquisque
646 3448 869 3522 philosophorum
882 3449 1038 3518 invenitur,
1052 3448 1099 3521 qui
1112 3449 1199 3505 sitite
1211 3454 1348 3516 moratus,

376 3545 415 3601 ita
428 3547 519 3602 animo
533 3562 566 3603 ec
583 3547 642 3603 vita
656 3548 837 3618 constitutus,
859 3554 890 3603 ut
906 3548 976 3603 ratio
997 3546 1139 3620 postulet?
1157 3547 1205 3618 qui
1225 3545 1349 3619 discipli·

376 3658 439 3698 nam
452 3660 546 3715 suam,
562 3661 617 3702 non
631 3646 841 3702 ostentationem
854 3645 994 3714 scientiae,
1010 3643 1058 3701 sed
1071 3643 1158 3715 legem
1172 3644 1240 3700 vitae
1252 3643 1349 3715 putet‘?

376 3743 423 3814 qui
438 3742 607 3815 obtemperet
623 3744 682 3816 ipse
695 3742 765 3815 sibi,
782 3751 810 3799 et
822 3743 942 3801 decretis
961 3743 1017 3799 suis
1034 3742 1151 3814 parenti
1165 3740 1266 3797 Videre
1285 3739 1349 3795 iicet

375 3839 442 3894 alios
455 3846 530 3895 tanta
546 3840 658 3896 levitate
668 3846 696 3895 et
708 3841 872 3912 jactatione,
886 3848 916 3896 ut
930 3842 964 3897 iis
978 3840 1060 3896 fuerit
1073 3856 1127 3896 non
1140 3837 1270 3894 didicisse
1286 3853 1348 3893 me-

379 3936 431 3993 lius
444 3957 450 3993 ι
462 3938 530 3994 aiios
544 3937 669 4010 pecuniae
683 3938 813 4011 cupidos,
829 3938 925 4009 gioriae
940 3937 1095 3995 nonnullos,

412 4061 649 4118 ²Contemnemus
661 4061 744 4132 igitur
762 4062 896 4135 ineptias,
919 4067 1058 4133 totamque
1075 4060 1132 4116 vim
1146 4058 1215 4115 bene
1235 4058 1346 4115 vivendi

377 4159 404 4213 iu
416 4158 500 4214 enimi
511 4159 609 4215 robore
624 4174 657 4215 ac
669 4159 873 4230 magnitudine,
888 4165 916 4215 et
929 4157 957 4213 in
970 4157 1091 4214 omnium
1102 4172 1193 4213 rerum
1209 4155 1346 4211 humana-

378 4272 437 4311 rum
453 4257 655 4330 contemptione
666 4272 699 4312 ac
712 4256 898 4329 despicentie,
916 4257 982 4311 etin
997 4257 1070 4313 omni
1086 4255 1187 4311 virtute
1201 4269 1345 4326 ponemus.

380 4354 524 4425 (Tuscum,
537 4354 647 4421 ῥηθείη
663 4353 681 4409 l.
695 4355 720 4424 I,
735 4353 789 4425 35.)
