3650 5542
775 836 975 901 ...43η-

390 1031 556 1133 profeeto
576 1029 617 1105 in
641 1054 794 1106 summa
818 1028 1009 1107 inanitate
1028 1034 1252 1126 versantur,
1276 1055 1362 1107 eon·

390 1174 666 1273 sectenturque
716 1168 870 1245 nullam
911 1168 1147 1245 eminentem
1194 1166 1360 1271 effigiem

388 1310 573 1406 virtutis,
594 1310 661 1387 sed
681 1310 952 1387 adumbratam
976 1307 1187 1410 imaginem
1207 1309 1357 1411 gloriae.
1411 1348 1413 1351 ·

444 1484 463 1517 n
485 1451 558 1527 Est
575 1450 681 1526 enim
700 1449 826 1551 gloria
841 1446 965 1525 solida
980 1447 1156 1551 quaedam
1169 1474 1229 1525 res
1246 1452 1361 1527 etex·
1438 1462 1441 1471 '

387 1616 539 1692 pressa,
570 1614 648 1667 non
674 1590 919 1666 adumbrata.
947 1590 1004 1665 Ea
1027 1591 1087 1665 est
1110 1590 1358 1667 consentiens

387 1731 475 1806 laus
497 1730 707 1825 bonorum,
731 1728 959 1834 incorrupta
977 1754 1053 1805 vox
1071 1730 1168 1807 bene
1183 1730 1361 1832 judican-

387 1869 488 1945 tium
513 1870 560 1946 de
582 1870 797 1946 excellente
820 1868 982 1948 virtute.
1006 1871 1064 1946 Ea
1086 1869 1228 1947 virtuti
1249 1896 1361 1948 reso-

387 2013 477 2105 nat,
502 2012 690 2112 tanquam
709 2008 837 2111 imago
856 2009 1013 2112 gloriae,
1035 2036 1122 2113 quae
1135 1994 1234 2113 ¹quia
1258 2014 1361 2087 recte

386 2150 577 2228 factorum
604 2175 730 2227 comes
751 2138 834 2247 est,
863 2174 943 2227 non
975 2152 1036 2227 est
1063 2174 1086 2225 a
1117 2148 1359 2227 bonisviris

386 2290 637 2393 repudianda.
666 2291 741 2367 Illa
765 2293 898 2368 autem
923 2315 1010 2394 quae
1037 2316 1078 2367 se
1102 2292 1189 2392 ejus
1214 2290 1357 2369 imita-

386 2430 523 2508 tricem
541 2455 625 2509 esse
643 2431 743 2529 vult,
762 2401 984 2529 temeraria,
1002 2431 1303 2529 inconsiderata,
1321 2436 1361 2511 et

384 2570 613 2674 plerumque
645 2574 891 2674 peccaterum
917 2570 1181 2675 vitiorumque
1214 2573 1360 2650 lauda·

384 2710 479 2808 trix,
497 2712 599 2789 fama
614 2711 829 2815 popularia,
852 2711 1106 2790 simulatione
1123 2712 1355 2809 honestatis,

384 2853 547 2930 formam
573 2856 659 2957 ejus
686 2854 1100 2959 pulchritudinemque
1125 2854 1353 2957 corrumpit.

384 2993 471 3079 Qua
493 2995 666 3073 caecitate
689 2997 867 3074 homines
894 3021 1017 3100 quum
1043 2996 1221 3099 quaedam
1251 3021 1359 3098 prae—
1407 3089 1411 3097 Ι

385 3134 490 3234 clara
515 3135 635 3212 etiam
659 3137 863 3237 cuperent,
894 3159 1016 3236 eaque
1039 3132 1257 3228 nescirent,
1284 3156 1356 3209 nec

384 3273 469 3370 ubi,
490 3299 561 3353 nec
580 3274 714 3378 qualia
731 3278 885 3371 essent,
907 3272 1088 3351 funditus
1108 3270 1177 3348 alii
1197 3273 1356 3347 everte—

382 3414 478 3489 runt
496 3437 588 3498 suas
608 3411 806 3511 civitates,
828 3414 898 3491 alii
919 3413 994 3517 ipsi
1020 3412 1263 3508 oeciderunt,
1286 3414 1355 3488 at-

382 3578 456 3656 que
475 3554 517 3629 hi
541 3552 696 3656 quidem
717 3550 863 3652 optima
885 3554 1058 3654 petentes
1082 3574 1160 3626 non
1180 3552 1261 3627 tam
1281 3573 1356 3627 vo-

382 3693 535 3771 luntate
545 3717 662 3796 quam
671 3716 812 3768 cursus
825 3715 954 3768 errore
966 3690 1175 3769 falluntur.
1193 3693 1297 3770 Adeo
1313 3693 1355 3771 in

381 3834 486 3912 omni
515 3858 556 3910 re
584 3830 794 3935 cupienda,
824 3829 1112 3933 amplectenda,
1143 3835 1353 3935 antequam

381 3973 567 4068 ordiaris,
589 3970 807 4084 adhibenda
825 3973 885 4047 est
908 3970 1140 4073 praeparatio
1158 3961 1350 4073 diligens,

379 4117 418 4198 et
437 4137 569 4189 rerum
589 4111 762 4214 ipsarum
783 4114 890 4187 certa
904 4110 1081 4189 ¹scientia.

437 4285 454 4317 a
473 4251 548 4342 Qui
565 4255 697 4331 autem
712 4252 851 4327 bonam
864 4251 1007 4331 famam
1018 4254 1204 4335 bonorum
1218 4255 1353 4359 optant
