3650 5542
888 898 1085 961 -31-

497 1089 730 1192 ploraverat.
760 1087 985 1165 Ciceronem
1009 1086 1114 1164 enim
1137 1109 1227 1165 eum
1251 1107 1473 1186 repraesen-

497 1233 627 1307 tamus
666 1253 743 1306 non
780 1227 885 1305 viam
922 1228 1033 1305 modo
1066 1225 1369 1329 ingredientem,
1406 1225 1470 1301 sed

497 1366 652 1471 qualem
672 1366 799 1443 multa
818 1370 1043 1463 conantem,
1064 1364 1192 1442 multa
1211 1364 1311 1441 scire
1335 1366 1374 1441 et
1393 1388 1471 1441 au-

496 1505 579 1585 dire
612 1493 831 1609 cupientem
857 1509 1035 1583 veterum
1062 1504 1259 1608 exempla,
1290 1502 1471 1606 egregio-

497 1671 586 1723 rum
605 1645 780 1724 virorum
800 1644 1033 1743 auctoritas,
1056 1670 1188 1723 rerum
1205 1645 1470 1723 humanarum

497 1812 619 1883 usus,
650 1786 785 1865 divina
812 1787 970 1865 tandem
997 1786 1242 1891 philosophia
1273 1787 1471 1864 formave-

497 1932 616 2037 rant,
632 1932 671 2007 et
689 1930 737 2005 ad
762 1928 801 2006 id
820 1927 1286 2032 fastigiumextulerant,
1308 1951 1383 2031 quo
1401 1927 1471 2005 fu-

496 2068 598 2145 turis
610 2067 828 2145 oratoribus
844 2067 961 2146 simul
971 2072 1009 2145 et
1020 2066 1175 2170 optimis
1192 2066 1342 2143 civibus
1357 2065 1471 2170 quasi

497 2211 690 2287 aeternum
709 2212 747 2285 et
771 2209 984 2312 perfectum
1004 2208 1108 2285 sicut
1125 2206 1270 2285 divinae
1294 2207 1472 2311 eloquen-

497 2347 584 2445 tiae,
606 2347 663 2425 ita
682 2348 848 2451 egregiae
867 2348 1030 2427 virtutis
1050 2353 1328 2451 proponeretur
1341 2354 1471 2427 'exem-

495 2488 597 2589 plar.

550 2627 625 2705 Cui
644 2626 750 2705 enim
769 2627 1058 2729 praeteritorum
1077 2631 1116 2705 et
1135 2628 1351 2706 recentium
1378 2632 1471 2706 tem·

497 2793 635 2873 porum
663 2767 868 2847 historiam
894 2767 1080 2846 memoria
1105 2767 1293 2871 repetenti
1318 2768 1356 2846 id
1381 2794 1472 2846 ma·
1533 2864 1535 2869 Ι

497 2911 686 2989 nifestum
706 2909 789 2987 fieri
818 2933 896 2986 non
916 2912 1045 3011 posset
1064 2909 1118 2986 M.
1141 2908 1318 2985 Tullium
1344 2934 1472 3011 praes-

499 3049 745 3129 tantissimos
766 3047 934 3127 inomni
954 3048 1132 3145 civitate,
1160 3048 1200 3125 in
1225 3048 1332 3125 omni
1357 3053 1472 3151 gente

498 3190 603 3267 viros
629 3191 740 3268 modo
760 3215 805 3266 ea
824 3188 1060 3288 christiana,
1081 3190 1192 3267 modo
1211 3188 1395 3292 ingenuis
1415 3215 1472 3267 ar-

497 3331 603 3408 tibus
633 3331 747 3408 foret‘
764 3329 939 3428 exculta,
975 3355 1052 3407 non
1086 3334 1242 3407 tantum
1269 3330 1471 3432 praeceptis

498 3470 582 3547 suis
608 3467 831 3568 effinxisse,
854 3474 892 3547 et
914 3469 1029 3548 dictis
1053 3469 1252 3564 docuisse,
1274 3469 1472 3548 sedetiam

496 3610 543 3686 ad
567 3634 669 3687 verae
693 3610 828 3712 gloriae
849 3634 1018 3687 amorem
1036 3610 1223 3713 praeclaro
1244 3633 1314 3685 suo
1333 3632 1472 3685 exem-

498 3748 562 3850 plo
577 3747 854 3853 quodammodo
870 3749 1071 3854 rapuisse?
1091 3749 1187 3835 Quis
1207 3748 1331 3825 nescit
1346 3772 1472 3826 recen-

498 3891 617 3969 tiores
646 3891 807 3995 populos
835 3894 914 3969 tere
946 3918 992 3969 ea
1018 3890 1150 3969 omnia
1179 3876 1278 3994 quae=
1295 3891 1343 3966 ad
1374 3914 1473 3966 oon-

499 4032 701 4131 stantiam,
723 4033 771 4109 ad
790 4033 1042 4136 gravitatem,
1065 4034 1113 4109 ad
1132 4056 1264 4108 rerum
1283 4035 1321 4108 et
1335 4056 1473 4134 perso-

500 4196 641 4250 narum
660 4173 915 4276 dignitatem,
938 4199 961 4250 a
980 4172 1168 4250 Romanis
1193 4170 1372 4274 petiisse,
1404 4171 1473 4274 qui

500 4318 684 4391 naturam
707 4313 942 4411 humanam,
965 4314 999 4390 si
1019 4339 1096 4390 non
1110 4312 1190 4415 ‘ipsi
1212 4311 1316 4388 ultro
1341 4312 1473 4389 finxe-
1522 4392 1525 4413 ,
