<?xml version="1.0" encoding="UTF-8"?>
<!DOCTYPE html PUBLIC "-//W3C//DTD XHTML 1.0 Transitional//EN"
    "http://www.w3.org/TR/xhtml1/DTD/xhtml1-transitional.dtd">
<html xmlns="http://www.w3.org/1999/xhtml" xml:lang="en" lang="en">
 <head>
  <title>
</title>
<meta http-equiv="Content-Type" content="text/html;charset=utf-8" />
  <meta name='ocr-system' content='tesseract 3.04.00' />
  <meta name='ocr-capabilities' content='ocr_page ocr_carea ocr_par ocr_line ocrx_word'/>
</head>
<body>
  <div class='ocr_page' id='page_1' title='image "./quiddegloriasen00chargoog_0027.png"; bbox 0 0 3650 5542; ppageno 0'>
   <div class='ocr_carea' id='block_1_1' title="bbox 802 862 1000 926">
    <p class='ocr_par' dir='ltr' id='par_1_1' title="bbox 802 862 1000 926">
     <span class='ocr_line' id='line_1_1' title="bbox 802 862 1000 926; baseline -0.01 -17"><span class='ocrx_word' id='word_1_1' title='bbox 802 862 1000 926; x_wconf 72' lang='lat'>...21-</span> 
     </span>
    </p>
   </div>
   <div class='ocr_carea' id='block_1_2' title="bbox 401 1051 1384 4270">
    <p class='ocr_par' dir='ltr' id='par_1_2' title="bbox 401 1051 1384 4270">
     <span class='ocr_line' id='line_1_2' title="bbox 412 1051 1384 1156; baseline 0.004 -28"><span class='ocrx_word' id='word_1_2' title='bbox 412 1052 552 1155; x_wconf 88' lang='lat' dir='ltr'>quihus</span> <span class='ocrx_word' id='word_1_3' title='bbox 573 1053 627 1129; x_wconf 86' lang='lat' dir='ltr'>M.</span> <span class='ocrx_word' id='word_1_4' title='bbox 651 1051 806 1128; x_wconf 87' lang='lat' dir='ltr'>Tullius</span> <span class='ocrx_word' id='word_1_5' title='bbox 826 1052 1025 1149; x_wconf 74' lang='lat' dir='ltr'>hauserit,</span> <span class='ocrx_word' id='word_1_6' title='bbox 1049 1053 1132 1156; x_wconf 91' lang='lat' dir='ltr'>ipso</span> <span class='ocrx_word' id='word_1_7' title='bbox 1156 1054 1266 1151; x_wconf 78' lang='lat' dir='ltr'>duee,</span> <span class='ocrx_word' id='word_1_8' title='bbox 1289 1064 1384 1133; x_wconf 87' lang='lat' dir='ltr'>tan-</span> 
     </span>
     <span class='ocr_line' id='line_1_3' title="bbox 412 1194 1381 1296; baseline 0.003 -25"><span class='ocrx_word' id='word_1_9' title='bbox 412 1196 498 1271; x_wconf 94' lang='lat' dir='ltr'>dem</span> <span class='ocrx_word' id='word_1_10' title='bbox 513 1194 811 1296; x_wconf 84' lang='lat' dir='ltr'>investigemus,</span> <span class='ocrx_word' id='word_1_11' title='bbox 830 1220 891 1270; x_wconf 92' lang='lat' dir='ltr'>res</span> <span class='ocrx_word' id='word_1_12' title='bbox 902 1194 1022 1271; x_wconf 91' lang='lat' dir='ltr'>altius</span> <span class='ocrx_word' id='word_1_13' title='bbox 1040 1196 1255 1296; x_wconf 89' lang='lat' dir='ltr'>repetendae</span> <span class='ocrx_word' id='word_1_14' title='bbox 1272 1201 1381 1294; x_wconf 93' lang='lat' dir='ltr'>sunt,</span> 
     </span>
     <span class='ocr_line' id='line_1_4' title="bbox 411 1336 1382 1438; baseline 0.003 -26"><span class='ocrx_word' id='word_1_15' title='bbox 411 1340 450 1412; x_wconf 92' lang='lat' dir='ltr'>et</span> <span class='ocrx_word' id='word_1_16' title='bbox 486 1336 644 1412; x_wconf 91' lang='lat' dir='ltr'>nomina</span> <span class='ocrx_word' id='word_1_17' title='bbox 681 1336 958 1438; x_wconf 82' lang='lat' dir='ltr'>magistrorum</span> <span class='ocrx_word' id='word_1_18' title='bbox 1000 1360 1095 1438; x_wconf 92' lang='lat' dir='ltr'>quos</span> <span class='ocrx_word' id='word_1_19' title='bbox 1134 1336 1382 1437; x_wconf 89' lang='lat' dir='ltr'>potissimum</span> 
     </span>
     <span class='ocr_line' id='line_1_5' title="bbox 411 1476 1382 1580; baseline 0.003 -26"><span class='ocrx_word' id='word_1_20' title='bbox 411 1479 551 1555; x_wconf 91' lang='lat' dir='ltr'>Noster</span> <span class='ocrx_word' id='word_1_21' title='bbox 587 1482 744 1555; x_wconf 86' lang='lat' dir='ltr'>secutus</span> <span class='ocrx_word' id='word_1_22' title='bbox 782 1483 862 1574; x_wconf 92' lang='lat' dir='ltr'>est,</span> <span class='ocrx_word' id='word_1_23' title='bbox 903 1478 945 1553; x_wconf 91' lang='lat' dir='ltr'>in</span> <span class='ocrx_word' id='word_1_24' title='bbox 983 1476 1154 1553; x_wconf 89' lang='lat' dir='ltr'>medium</span> <span class='ocrx_word' id='word_1_25' title='bbox 1192 1478 1382 1580; x_wconf 87' lang='lat' dir='ltr'>proferen-</span> 
     </span>
     <span class='ocr_line' id='line_1_6' title="bbox 409 1618 1381 1720; baseline 0.002 -24"><span class='ocrx_word' id='word_1_26' title='bbox 409 1621 470 1696; x_wconf 90' lang='lat' dir='ltr'>da.</span> <span class='ocrx_word' id='word_1_27' title='bbox 494 1619 624 1704; x_wconf 80' lang='lat' dir='ltr'>Quum</span> <span class='ocrx_word' id='word_1_28' title='bbox 647 1618 826 1720; x_wconf 91' lang='lat' dir='ltr'>princeps</span> <span class='ocrx_word' id='word_1_29' title='bbox 846 1619 1086 1717; x_wconf 76' lang='lat' dir='ltr'>Academiae,</span> <span class='ocrx_word' id='word_1_30' title='bbox 1116 1620 1231 1697; x_wconf 89' lang='lat' dir='ltr'>Philo</span> <span class='ocrx_word' id='word_1_31' title='bbox 1251 1620 1381 1699; x_wconf 84' lang='lat' dir='ltr'>Clito-</span> 
     </span>
     <span class='ocr_line' id='line_1_7' title="bbox 409 1758 1380 1863; baseline 0.003 -31"><span class='ocrx_word' id='word_1_32' title='bbox 409 1758 536 1833; x_wconf 85' lang='lat' dir='ltr'>machi</span> <span class='ocrx_word' id='word_1_33' title='bbox 569 1758 763 1860; x_wconf 92' lang='lat' dir='ltr'>quondam</span> <span class='ocrx_word' id='word_1_34' title='bbox 795 1758 1039 1861; x_wconf 75' lang='lat' dir='ltr'>discipuluS,</span> <span class='ocrx_word' id='word_1_35' title='bbox 1076 1785 1231 1863; x_wconf 89' lang='lat' dir='ltr'>unaque</span> <span class='ocrx_word' id='word_1_36' title='bbox 1264 1759 1380 1838; x_wconf 90' lang='lat' dir='ltr'>multi</span> 
     </span>
     <span class='ocr_line' id='line_1_8' title="bbox 408 1901 1376 2003; baseline 0.006 -26"><span class='ocrx_word' id='word_1_37' title='bbox 408 1901 709 1978; x_wconf 79' lang='lat' dir='ltr'>Atheniensium</span> <span class='ocrx_word' id='word_1_38' title='bbox 728 1902 948 2003; x_wconf 85' lang='lat' dir='ltr'>optimates,</span> <span class='ocrx_word' id='word_1_39' title='bbox 968 1903 1237 1982; x_wconf 76' lang='lat' dir='ltr'>Mithridatico</span> <span class='ocrx_word' id='word_1_40' title='bbox 1255 1906 1376 2002; x_wconf 90' lang='lat' dir='ltr'>bello,</span> 
     </span>
     <span class='ocr_line' id='line_1_9' title="bbox 407 2014 1380 2143; baseline 0.005 -27"><span class='ocrx_word' id='word_1_41' title='bbox 407 2042 517 2117; x_wconf 92' lang='lat' dir='ltr'>domo</span> <span class='ocrx_word' id='word_1_42' title='bbox 536 2040 818 2143; x_wconf 78' lang='lat' dir='ltr'>profugissent,</span> <span class='ocrx_word' id='word_1_43' title='bbox 837 2042 971 2119; x_wconf 85' lang='lat' dir='ltr'>Cicero</span> <span class='ocrx_word' id='word_1_44' title='bbox 991 2042 1150 2119; x_wconf 89' lang='lat' dir='ltr'>illorum</span> <span class='ocrx_word' id='word_1_45' title='bbox 1170 2014 1380 2121; x_wconf 88' lang='lat' dir='ltr'>calamita-</span> 
     </span>
     <span class='ocr_line' id='line_1_10' title="bbox 408 2183 1380 2279; baseline 0.005 -22"><span class='ocrx_word' id='word_1_46' title='bbox 408 2188 485 2258; x_wconf 81' lang='lat' dir='ltr'>tem</span> <span class='ocrx_word' id='word_1_47' title='bbox 514 2208 627 2259; x_wconf 91' lang='lat' dir='ltr'>suam</span> <span class='ocrx_word' id='word_1_48' title='bbox 654 2183 850 2260; x_wconf 86' lang='lat' dir='ltr'>fortunam</span> <span class='ocrx_word' id='word_1_49' title='bbox 874 2208 959 2259; x_wconf 92' lang='lat' dir='ltr'>esse</span> <span class='ocrx_word' id='word_1_50' title='bbox 986 2189 1118 2279; x_wconf 92' lang='lat' dir='ltr'>ratus,</span> <span class='ocrx_word' id='word_1_51' title='bbox 1140 2184 1380 2262; x_wconf 86' lang='lat' dir='ltr'>occasionem</span> 
     </span>
     <span class='ocr_line' id='line_1_11' title="bbox 406 2322 1378 2429; baseline 0.004 -32"><span class='ocrx_word' id='word_1_52' title='bbox 406 2322 579 2401; x_wconf 86' lang='lat' dir='ltr'>discendi</span> <span class='ocrx_word' id='word_1_53' title='bbox 598 2325 710 2402; x_wconf 85' lang='lat' dir='ltr'>avide</span> <span class='ocrx_word' id='word_1_54' title='bbox 724 2325 911 2427; x_wconf 89' lang='lat' dir='ltr'>arripuit,</span> <span class='ocrx_word' id='word_1_55' title='bbox 930 2330 969 2402; x_wconf 86' lang='lat' dir='ltr'>et</span> <span class='ocrx_word' id='word_1_56' title='bbox 988 2350 1109 2429; x_wconf 90' lang='lat' dir='ltr'>quum</span> <span class='ocrx_word' id='word_1_57' title='bbox 1129 2326 1197 2401; x_wconf 82' lang='lat' dir='ltr'>vix</span> <span class='ocrx_word' id='word_1_58' title='bbox 1212 2352 1232 2403; x_wconf 91' lang='lat' dir='ltr'>e</span> <span class='ocrx_word' id='word_1_59' title='bbox 1247 2326 1378 2429; x_wconf 86' lang='lat' dir='ltr'>pueris</span> 
     </span>
     <span class='ocr_line' id='line_1_12' title="bbox 406 2463 1379 2562; baseline 0.007 -26"><span class='ocrx_word' id='word_1_60' title='bbox 406 2463 659 2562; x_wconf 85' lang='lat' dir='ltr'>excessisset,</span> <span class='ocrx_word' id='word_1_61' title='bbox 681 2464 839 2542; x_wconf 91' lang='lat' dir='ltr'>Philoni</span> <span class='ocrx_word' id='word_1_62' title='bbox 865 2471 996 2542; x_wconf 91' lang='lat' dir='ltr'>tamen</span> <span class='ocrx_word' id='word_1_63' title='bbox 1017 2466 1072 2542; x_wconf 89' lang='lat' dir='ltr'>ita</span> <span class='ocrx_word' id='word_1_64' title='bbox 1092 2491 1132 2542; x_wconf 93' lang='lat' dir='ltr'>se</span> <span class='ocrx_word' id='word_1_65' title='bbox 1153 2466 1315 2543; x_wconf 85' lang='lat' dir='ltr'>tradidit</span> <span class='ocrx_word' id='word_1_66' title='bbox 1335 2471 1379 2543; x_wconf 87' lang='lat' dir='ltr'>ut</span> 
     </span>
     <span class='ocr_line' id='line_1_13' title="bbox 406 2605 1378 2710; baseline 0.006 -32"><span class='ocrx_word' id='word_1_67' title='bbox 406 2630 537 2681; x_wconf 87' lang='lat' dir='ltr'>onmes</span> <span class='ocrx_word' id='word_1_68' title='bbox 558 2605 812 2710; x_wconf 89' lang='lat' dir='ltr'>philosophiae</span> <span class='ocrx_word' id='word_1_69' title='bbox 832 2612 983 2710; x_wconf 90' lang='lat' dir='ltr'>partes,</span> <span class='ocrx_word' id='word_1_70' title='bbox 1006 2632 1049 2682; x_wconf 92' lang='lat' dir='ltr'>eo</span> <span class='ocrx_word' id='word_1_71' title='bbox 1068 2607 1250 2703; x_wconf 88' lang='lat' dir='ltr'>docente,</span> <span class='ocrx_word' id='word_1_72' title='bbox 1271 2609 1378 2685; x_wconf 88' lang='lat' dir='ltr'>brevi</span> 
     </span>
     <span class='ocr_line' id='line_1_14' title="bbox 405 2749 1375 2851; baseline 0.004 -31"><span class='ocrx_word' id='word_1_73' title='bbox 405 2750 574 2849; x_wconf 91' lang='lat' dir='ltr'>tempore</span> <span class='ocrx_word' id='word_1_74' title='bbox 592 2749 749 2851; x_wconf 88' lang='lat' dir='ltr'>penitus</span> <span class='ocrx_word' id='word_1_75' title='bbox 769 2750 959 2827; x_wconf 86' lang='lat' dir='ltr'>hauserit.</span> <span class='ocrx_word' id='word_1_76' title='bbox 977 2749 1071 2825; x_wconf 89' lang='lat' dir='ltr'>Fuit</span> <span class='ocrx_word' id='word_1_77' title='bbox 1090 2753 1220 2826; x_wconf 87' lang='lat' dir='ltr'>autem</span> <span class='ocrx_word' id='word_1_78' title='bbox 1240 2749 1375 2844; x_wconf 91' lang='lat' dir='ltr'>Philo,</span> 
     </span>
     <span class='ocr_line' id='line_1_15' title="bbox 404 2887 1377 2993; baseline 0.006 -32"><span class='ocrx_word' id='word_1_79' title='bbox 404 2887 497 2962; x_wconf 92' lang='lat' dir='ltr'>dum</span> <span class='ocrx_word' id='word_1_80' title='bbox 512 2888 632 2985; x_wconf 84' lang='lat' dir='ltr'>vixit,</span> <span class='ocrx_word' id='word_1_81' title='bbox 648 2893 732 2966; x_wconf 92' lang='lat' dir='ltr'>tum</span> <span class='ocrx_word' id='word_1_82' title='bbox 748 2894 903 2993; x_wconf 90' lang='lat' dir='ltr'>propter</span> <span class='ocrx_word' id='word_1_83' title='bbox 918 2891 1155 2987; x_wconf 86' lang='lat' dir='ltr'>doctrinam,</span> <span class='ocrx_word' id='word_1_84' title='bbox 1169 2895 1253 2967; x_wconf 86' lang='lat' dir='ltr'>turn</span> <span class='ocrx_word' id='word_1_85' title='bbox 1269 2916 1377 2993; x_wconf 91' lang='lat' dir='ltr'>prop·</span> 
     </span>
     <span class='ocr_line' id='line_1_16' title="bbox 405 3029 1372 3129; baseline 0.006 -26"><span class='ocrx_word' id='word_1_86' title='bbox 405 3033 464 3103; x_wconf 89' lang='lat' dir='ltr'>ter</span> <span class='ocrx_word' id='word_1_87' title='bbox 483 3029 767 3108; x_wconf 88' lang='lat' dir='ltr'>humanitatem</span> <span class='ocrx_word' id='word_1_88' title='bbox 787 3038 826 3109; x_wconf 92' lang='lat' dir='ltr'>et</span> <span class='ocrx_word' id='word_1_89' title='bbox 844 3057 996 3109; x_wconf 91' lang='lat' dir='ltr'>morum</span> <span class='ocrx_word' id='word_1_90' title='bbox 1016 3032 1372 3129; x_wconf 87' lang='lat' dir='ltr'>mansuetudinem,</span> 
     </span>
     <span class='ocr_line' id='line_1_17' title="bbox 404 3171 1376 3277; baseline 0.005 -32"><span class='ocrx_word' id='word_1_91' title='bbox 404 3171 540 3248; x_wconf 85' lang='lat' dir='ltr'>multis</span> <span class='ocrx_word' id='word_1_92' title='bbox 560 3174 749 3251; x_wconf 86' lang='lat' dir='ltr'>Romanis</span> <span class='ocrx_word' id='word_1_93' title='bbox 769 3174 1021 3270; x_wconf 74' lang='lat' dir='ltr'>carissimuS,</span> <span class='ocrx_word' id='word_1_94' title='bbox 1046 3199 1167 3277; x_wconf 89' lang='lat' dir='ltr'>quum</span> <span class='ocrx_word' id='word_1_95' title='bbox 1184 3172 1300 3249; x_wconf 90' lang='lat' dir='ltr'>iidem</span> <span class='ocrx_word' id='word_1_96' title='bbox 1321 3198 1376 3250; x_wconf 93' lang='lat' dir='ltr'>ce-</span> 
     </span>
     <span class='ocr_line' id='line_1_18' title="bbox 404 3314 1377 3418; baseline 0.003 -30"><span class='ocrx_word' id='word_1_97' title='bbox 404 3316 505 3390; x_wconf 92' lang='lat' dir='ltr'>teros</span> <span class='ocrx_word' id='word_1_98' title='bbox 524 3340 669 3416; x_wconf 85' lang='lat' dir='ltr'>graecos</span> <span class='ocrx_word' id='word_1_99' title='bbox 689 3316 937 3418; x_wconf 84' lang='lat' dir='ltr'>philosophos</span> <span class='ocrx_word' id='word_1_100' title='bbox 957 3316 1036 3393; x_wconf 83' lang='lat' dir='ltr'>fere</span> <span class='ocrx_word' id='word_1_101' title='bbox 1050 3340 1182 3393; x_wconf 92' lang='lat' dir='ltr'>omnes</span> <span class='ocrx_word' id='word_1_102' title='bbox 1198 3314 1377 3418; x_wconf 89' lang='lat' dir='ltr'>despice—</span> 
     </span>
     <span class='ocr_line' id='line_1_19' title="bbox 403 3455 1376 3559; baseline -0.001 -28"><span class='ocrx_word' id='word_1_103' title='bbox 403 3460 504 3534; x_wconf 87' lang='lat' dir='ltr'>rent.</span> <span class='ocrx_word' id='word_1_104' title='bbox 528 3458 663 3534; x_wconf 84' lang='lat' dir='ltr'>Romae</span> <span class='ocrx_word' id='word_1_105' title='bbox 689 3458 807 3535; x_wconf 89' lang='lat' dir='ltr'>etiam</span> <span class='ocrx_word' id='word_1_106' title='bbox 835 3463 874 3534; x_wconf 88' lang='lat' dir='ltr'>et</span> <span class='ocrx_word' id='word_1_107' title='bbox 901 3461 1033 3559; x_wconf 89' lang='lat' dir='ltr'>postea</span> <span class='ocrx_word' id='word_1_108' title='bbox 1058 3456 1224 3534; x_wconf 83' lang='lat' dir='ltr'>Athenis</span> <span class='ocrx_word' id='word_1_109' title='bbox 1251 3455 1376 3531; x_wconf 89' lang='lat' dir='ltr'>Phoe-</span> 
     </span>
     <span class='ocr_line' id='line_1_20' title="bbox 402 3598 1375 3702; baseline -0.002 -29"><span class='ocrx_word' id='word_1_110' title='bbox 402 3598 516 3675; x_wconf 94' lang='lat' dir='ltr'>drum</span> <span class='ocrx_word' id='word_1_111' title='bbox 560 3599 825 3702; x_wconf 87' lang='lat' dir='ltr'>Epicureum,</span> <span class='ocrx_word' id='word_1_112' title='bbox 864 3598 1001 3676; x_wconf 89' lang='lat' dir='ltr'>deinde</span> <span class='ocrx_word' id='word_1_113' title='bbox 1043 3599 1216 3701; x_wconf 89' lang='lat' dir='ltr'>ejusdem</span> <span class='ocrx_word' id='word_1_114' title='bbox 1262 3598 1375 3672; x_wconf 86' lang='lat' dir='ltr'>sectae</span> 
     </span>
     <span class='ocr_line' id='line_1_21' title="bbox 401 3738 1375 3844; baseline -0.005 -27"><span class='ocrx_word' id='word_1_115' title='bbox 401 3743 591 3819; x_wconf 90' lang='lat' dir='ltr'>Zenonem</span> <span class='ocrx_word' id='word_1_116' title='bbox 617 3741 785 3838; x_wconf 89' lang='lat' dir='ltr'>auditor,</span> <span class='ocrx_word' id='word_1_117' title='bbox 809 3766 1055 3844; x_wconf 87' lang='lat' dir='ltr'>nequaquam</span> <span class='ocrx_word' id='word_1_118' title='bbox 1079 3738 1297 3841; x_wconf 83' lang='lat' dir='ltr'>disciputus</span> <span class='ocrx_word' id='word_1_119' title='bbox 1322 3761 1375 3812; x_wconf 88' lang='lat' dir='ltr'>se-</span> 
     </span>
     <span class='ocr_line' id='line_1_22' title="bbox 402 3878 1372 3982; baseline -0.005 -24"><span class='ocrx_word' id='word_1_120' title='bbox 402 3887 517 3961; x_wconf 88' lang='lat' dir='ltr'>cutus</span> <span class='ocrx_word' id='word_1_121' title='bbox 533 3887 611 3982; x_wconf 90' lang='lat' dir='ltr'>est,</span> <span class='ocrx_word' id='word_1_122' title='bbox 629 3883 758 3961; x_wconf 89' lang='lat' dir='ltr'>Attico</span> <span class='ocrx_word' id='word_1_123' title='bbox 778 3883 960 3960; x_wconf 87' lang='lat' dir='ltr'>hortante</span> <span class='ocrx_word' id='word_1_124' title='bbox 979 3887 1017 3959; x_wconf 87' lang='lat' dir='ltr'>et</span> <span class='ocrx_word' id='word_1_125' title='bbox 1037 3882 1157 3958; x_wconf 90' lang='lat' dir='ltr'>simul</span> <span class='ocrx_word' id='word_1_126' title='bbox 1176 3878 1372 3972; x_wconf 89' lang='lat' dir='ltr'>audiente,</span> 
     </span>
     <span class='ocr_line' id='line_1_23' title="bbox 401 4020 1376 4127; baseline -0.008 -25"><span class='ocrx_word' id='word_1_127' title='bbox 401 4026 465 4103; x_wconf 94' lang='lat' dir='ltr'>cui</span> <span class='ocrx_word' id='word_1_128' title='bbox 503 4026 670 4104; x_wconf 92' lang='lat' dir='ltr'>nimium</span> <span class='ocrx_word' id='word_1_129' title='bbox 708 4025 882 4127; x_wconf 90' lang='lat' dir='ltr'>placebat</span> <span class='ocrx_word' id='word_1_130' title='bbox 919 4023 1083 4102; x_wconf 92' lang='lat' dir='ltr'>istorum</span> <span class='ocrx_word' id='word_1_131' title='bbox 1117 4020 1305 4100; x_wconf 83' lang='lat' dir='ltr'>facillima</span> <span class='ocrx_word' id='word_1_132' title='bbox 1338 4027 1376 4095; x_wconf 89' lang='lat' dir='ltr'>et</span> 
     </span>
     <span class='ocr_line' id='line_1_24' title="bbox 401 4163 1374 4270; baseline -0.004 -29"><span class='ocrx_word' id='word_1_133' title='bbox 401 4167 634 4245; x_wconf 88' lang='lat' dir='ltr'>mollissima</span> <span class='ocrx_word' id='word_1_134' title='bbox 660 4167 881 4270; x_wconf 87' lang='lat' dir='ltr'>disciplina.</span> <span class='ocrx_word' id='word_1_135' title='bbox 906 4168 978 4247; x_wconf 89' lang='lat' dir='ltr'>Sed</span> <span class='ocrx_word' id='word_1_136' title='bbox 1002 4168 1156 4263; x_wconf 88' lang='lat' dir='ltr'>Noster,</span> <span class='ocrx_word' id='word_1_137' title='bbox 1181 4169 1226 4241; x_wconf 92' lang='lat' dir='ltr'>ut</span> <span class='ocrx_word' id='word_1_138' title='bbox 1245 4163 1374 4240; x_wconf 92' lang='lat' dir='ltr'>eodem</span> 
     </span>
    </p>
   </div>
   <div class='ocr_carea' id='block_1_3' title="bbox 400 4307 1372 4415">
    <p class='ocr_par' dir='ltr' id='par_1_3' title="bbox 400 4307 1372 4415">
     <span class='ocr_line' id='line_1_25' title="bbox 400 4307 1372 4415; baseline 0.001 -30"><span class='ocrx_word' id='word_1_139' title='bbox 400 4316 570 4412; x_wconf 85' lang='lat' dir='ltr'>tempore</span> <span class='ocrx_word' id='word_1_140' title='bbox 590 4312 738 4415; x_wconf 88' lang='lat' dir='ltr'>aliquid</span> <span class='ocrx_word' id='word_1_141' title='bbox 759 4314 920 4413; x_wconf 79' lang='lat' dir='ltr'>gravius</span> <span class='ocrx_word' id='word_1_142' title='bbox 936 4318 975 4389; x_wconf 89' lang='lat' dir='ltr'>et</span> <span class='ocrx_word' id='word_1_143' title='bbox 991 4312 1163 4390; x_wconf 86' lang='lat' dir='ltr'>severius</span> <span class='ocrx_word' id='word_1_144' title='bbox 1179 4307 1372 4386; x_wconf 89' lang='lat' dir='ltr'>hauriret.</span> 
     </span>
    </p>
   </div>
   <div class='ocr_carea' id='block_1_4' title="bbox 0 0 1830 5542">
    <p class='ocr_par' dir='ltr' id='par_1_4' title="bbox 0 0 1830 5542">
     <span class='ocr_line' id='line_1_26' title="bbox 0 0 1830 5542; baseline 0 5"><span class='ocrx_word' id='word_1_145' title='bbox 0 0 1830 5542; x_wconf 95' lang='lat' dir='ltr'> </span> 
     </span>
    </p>
   </div>
  </div>
 </body>
</html>
