3650 5542
758 927 957 992 ,69-

368 1114 472 1219 deo),
501 1115 647 1219 potuit,
684 1117 866 1221 inquam,
906 1118 1001 1195 dum
1028 1123 1226 1221 posteros,
1257 1150 1346 1228 quae·

369 1257 421 1334 sit
448 1282 539 1333 vere
564 1258 691 1359 gloria
722 1258 916 1355 edoceret,
947 1283 1033 1336 eam
1067 1259 1190 1340 animi
1218 1265 1342 1344 oculis

369 1422 546 1495 cernere,
576 1424 662 1477 eam
694 1398 822 1476 verbis
850 1398 1069 1501 exprimere
1088 1401 1225 1503 gloriae
1257 1406 1342 1483 for-

368 1566 485 1636 mam,
514 1565 602 1643 quae
630 1563 706 1615 non
739 1540 849 1617 modo
877 1542 1093 1639 Romanis,
1125 1569 1202 1622 non
1230 1546 1340 1627 modo

367 1680 530 1758 summis
551 1681 612 1759 vel
631 1682 794 1759 ducibus
814 1684 877 1759 vel
898 1685 1143 1783 oratoribuS,
1167 1687 1232 1764 sed
1252 1715 1339 1791 quae

366 1823 407 1900 in
427 1823 740 1925 omnitempore,
760 1825 922 1901 inomni
942 1830 1082 1928 gente,
1105 1830 1279 1933 qualibet
1297 1830 1338 1908 in

365 1975 487 2052 revel
508 1978 592 2051 arte
611 1975 890 2077 praestantibus
910 1975 1009 2053 viris
1029 1977 1177 2079 pariter
1196 2004 1340 2058 accom-

365 2117 599 2195 modaretur.
1048 2198 1050 2202 .

418 2258 570 2336 Delicta
585 2258 709 2361 igitur
723 2284 810 2363 quae
825 2281 1029 2361 nunquam
1045 2259 1143 2336 forte
1158 2260 1334 2357 fuerunt,

364 2400 426 2479 vel
446 2402 549 2478 leves
570 2401 720 2504 culpas,
745 2404 784 2477 et
802 2400 882 2477 alia
901 2401 1068 2502 hujusce
1092 2401 1195 2478 modi
1222 2402 1336 2480 saevis

359 2544 558 2645 judicibus
588 2543 877 2647 relinquentes,
908 2543 1022 2621 fateri
1051 2545 1249 2622 malumus
1277 2545 1332 2622 M.

361 2683 537 2761 Tullium
561 2710 818 2788 quaecumque
836 2689 949 2763 tanta
975 2685 1179 2761 hominum
1204 2686 1335 2763 admi-

364 2825 514 2902 ratione
537 2824 702 2923 dixerit,
732 2852 777 2903 ea
807 2825 943 2928 optimi
970 2825 1132 2928 ingenii,
1151 2827 1335 2906 beneficio

363 2966 531 3060 dixisse,
559 2994 645 3070 quae
668 2993 759 3045 uero
779 2968 838 3044 vel
864 2966 1062 3064 omiserit,
1094 2969 1156 3047 vel
1181 2970 1335 3049 nescie-

362 3107 437 3205 rit,
459 3110 591 3185 eadem
617 3110 746 3186 aetatis
772 3134 850 3212 qua
874 3109 1030 3187 vivebat
1057 3110 1194 3213 culpa,
1216 3109 1335 3211 igno-

361 3250 524 3328 ravisse.

411 3392 542 3469 Facile
573 3392 729 3495 quidem
758 3392 867 3470 nobis
901 3397 983 3489 est,
1016 3394 1096 3469 tam
1135 3389 1336 3492 splendido

357 3539 415 3612 tot
433 3533 682 3631 saeculorum,
704 3534 1021 3637 christianaeque
1039 3530 1259 3635 disciplinae
1275 3533 1337 3634 ju·

358 3674 448 3751 bare
476 3674 673 3753 mentibus
701 3680 847 3753 nostris
875 3675 1133 3779 praelucente,
1161 3700 1206 3751 ea
1234 3673 1336 3776 apud

359 3821 510 3895 veteres
534 3817 832 3919 reprehendere,
859 3843 905 3895 ea
923 3815 1143 3895 desiderare
1163 3814 1205 3896 in
1230 3814 1334 3912 illis,

361 3979 447 4060 quae
467 3954 510 4034 in
529 3956 604 4033 hac
622 3957 788 4035 humani
804 3957 958 4060 generis
979 3955 1092 4061 quasi
1110 3957 1337 4058 juventute,

359 4095 459 4174 etin
479 4098 915 4176 subobscuraomnium
938 4096 1085 4174 artium
1108 4098 1147 4172 et
1168 4094 1339 4198 discipli-

358 4266 503 4318 narum
523 4240 610 4318 luce
630 4240 740 4317 nullo
760 4242 869 4318 modo
890 4264 1122 4341 cognoscere
1141 4243 1335 4342 poterant.

356 4383 496 4485 Itaque
526 4408 603 4460 non
629 4382 754 4479 decet,
784 4407 861 4460 non
889 4381 982 4458 licet
1006 4406 1029 4455 α
1054 4380 1109 4457 Μ.
1140 4376 1271 4454 Tullio
1294 4376 1340 4452 de
