3650 5542
787 880 986 943 ..55-

398 1068 577 1171 goribuS,
606 1069 898 1145 calamitatibus
929 1036 1166 1173 prostratam
1193 1099 1239 1151 ea
1266 1074 1370 1171 sola,

398 1211 462 1289 sed
491 1211 648 1312 egregia
671 1237 738 1313 spe
759 1210 971 1314 aliquando
994 1213 1219 1293 relevaret¹.
1249 1216 1373 1302 Quem

396 1351 489 1431 licet
506 1353 637 1455 ipsum
656 1353 864 1429 audiamus
887 1378 896 1430 :

452 1528 470 1561 ιι
492 1495 613 1569 Nemo
633 1518 808 1596 unquam
832 1492 919 1570 sine
942 1519 1087 1597 magna
1114 1522 1180 1599 spe
1205 1497 1371 1577 immor—

395 1625 562 1705 talitatis
593 1651 634 1701 se
661 1651 730 1728 pro
760 1625 889 1728 patria
923 1627 1079 1705 offerret
1108 1630 1155 1706 ad
1190 1636 1367 1712 mortem.

395 1767 534 1844 Nescio
554 1793 629 1871 quo
648 1768 758 1844 modo
788 1768 955 1859 inhaeret
978 1769 1020 1845 in
1040 1770 1237 1849 mentibus
1258 1775 1370 1876 quasi

394 1910 630 1987 saeculorum
659 1910 851 2013 quoddam
878 1911 1093 2013 augurium
1120 1911 1367 2012 futurorum,

393 2049 508 2153 idque
528 2050 570 2125 in
591 2049 774 2126 maximis
796 2050 966 2152 ingeniis
986 2055 1026 2127 et
1045 2051 1182 2129 existit
1201 2053 1370 2131 maxime

392 2195 431 2268 et
460 2194 622 2293 apparet
650 2190 850 2269 facillime.
882 2191 968 2276 Quo
1002 2192 1158 2295 quidem
1191 2193 1367 2297 dempto,

393 2332 481 2436 quis
509 2336 611 2410 esset
637 2337 720 2408 tam
746 2356 880 2408 amens
900 2332 968 2435 qui
989 2357 1139 2436 semper
1158 2334 1200 2410 in
1219 2333 1369 2411 labori-

393 2478 464 2552 bus
485 2481 524 2553 et
541 2474 728 2577 periculis
748 2475 899 2551 viveret
920 2474 952 2549 ¹?
975 2510 993 2542 a

886 2708 895 2741 t

429 2780 434 2813 ¹
454 2779 572 2847 Tuscul,
587 2780 690 2849 Queat,
707 2779 818 2844 t.1‚33.

426 2884 467 2939 Cf.
485 2900 534 2955 pro
547 2884 679 2951 Rabirio,
696 2901 723 2939 c.
740 2886 773 2938 lb
792 2903 797 2938 :

334 2983 337 2995 ’
428 2996 552 3052 «Tantis
567 3013 601 3052 ne
616 2996 643 3050 in
659 2996 798 3051 laboribus
810 2996 842 3050 C.
858 2996 964 3051 Marius
979 2994 1108 3065 periculis
1124 3012 1177 3067 que
1193 2994 1324 3064 vixisset,
1342 2995 1365 3051 si

391 3094 456 3149 nibil
468 3094 577 3166 longius
593 3110 676 3167 quarn
693 3094 758 3149 vitae
777 3092 886 3148 termini
902 3091 1093 3163 postulabant,
1110 3108 1158 3164 spe
1178 3098 1260 3165 atque
1274 3092 1366 3148 animo

390 3190 425 3246 de
437 3208 466 3246 se
478 3197 506 3246 et
521 3190 555 3246 de
569 3185 656 3261 gloria
669 3206 718 3245 sua
734 3190 904 3260 cogitasset?
919 3192 965 3257 At,
977 3188 1069 3259 credo,
1083 3205 1168 3262 quum
1183 3188 1368 3244 innumerabi-

390 3287 429 3343 les
442 3288 560 3343 bostium
571 3288 664 3359 copias
676 3287 795 3361 initalia
807 3284 939 3355 fudisset,
960 3292 1042 3359 atque
1057 3286 1200 3343 obsidione
1212 3286 1365 3357 rempubli-

389 3398 450 3439 cam
465 3382 623 3450 liberasset,
642 3385 734 3440 omnia
747 3400 841 3440 secum
856 3398 911 3438 una
927 3383 1058 3447 moritura
1071 3384 1267 3440 arbitrabatur.
1288 3386 1366 3439 Non-

388 3489 429 3537 est
451 3482 504 3551 ita,
527 3483 663 3549 Quirites,
686 3499 774 3555 neque
786 3483 932 3555 quisquam
946 3489 1070 3538 nostrum
1081 3484 1108 3537 in
1124 3482 1283 3556 reipublicae
1298 3482 1368 3554 peri·

389 3580 457 3635 culis
472 3596 534 3635 cum
547 3579 626 3634 laude
640 3595 673 3635 ac
686 3580 788 3634 virtute
799 3587 934 3647 versatur,
949 3579 1014 3650 quin
1025 3594 1073 3651 spe
1087 3580 1256 3651 posteritatis
1275 3581 1366 3635 fructu

387 3696 440 3751 que
454 3678 579 3734 ducatur.
597 3680 769 3750 Quapropter
782 3676 908 3749 equidem
921 3677 952 3731 C.
967 3675 1049 3731 Marii
1067 3682 1095 3731 et
1112 3682 1266 3733 ceterorum
1287 3676 1365 3731 viro*

389 3796 450 3833 rum
474 3778 738 3850 sapientissimorum
756 3792 789 3831 ac
806 3775 1019 3830 fortissimorum
1043 3774 1146 3829 civium
1167 3780 1288 3841 mentae,
1304 3790 1367 3845 quan

391 3877 458 3932 mihi
478 3877 605 3933 videntur
618 3893 651 3931 ex
663 3875 804 3930 bominum
820 3873 877 3928 vita
888 3872 922 3927 ad
937 3872 1051 3928 deorum
1067 3872 1226 3944 religionem
1242 3879 1269 3928 ot
1284 3887 1368 3927 sanc-

392 3975 532 4030 timoniam
543 3974 711 4045 demigrasse
725 3978 812 4028 testor
825 3986 869 4025 me
886 3986 935 4042 pro
950 3969 1060 4026 illorum
1073 3971 1164 4040 fama,
1181 3969 1283 4041 gloria,
1306 3984 1368 4023 me-

389 4071 486 4140 moria,
499 4087 552 4126 non
566 4087 645 4138 secus
659 4086 692 4126 ac
704 4086 754 4142 pro
766 4068 864 4141 patriis
876 4068 947 4124 fanis
960 4075 1042 4142 atque
1055 4069 1176 4125 delubris
1189 4081 1367 4141 propugnan-

387 4168 454 4223 dum
470 4176 566 4239 putare
582 4187 587 4222 :
603 4184 637 4223 ao
651 4168 674 4223 si
688 4184 738 4239 pro
760 4167 868 4222 illorum
887 4165 969 4222 laude
985 4166 1051 4222 mibi
1072 4182 1149 4222 arma
1169 4165 1302 4238 capienda
1320 4182 1367 4222 es-

389 4274 467 4336 sent,
483 4283 537 4322 non
550 4266 639 4323 minus
649 4275 759 4323 strenue
770 4280 896 4338 caperem
908 4282 991 4337 quarn
1006 4266 1046 4322 illi
1061 4282 1112 4338 pro
1123 4264 1259 4321 communi
1280 4264 1368 4320 salute

393 4371 532 4435 ceperunt.
