3650 5542
881 893 1082 957 ..63-

484 1086 730 1190 philosophia
757 1085 989 1179 maximam,
1022 1109 1092 1161 nec
1126 1082 1217 1187 quid
1248 1082 1372 1185 egerit
1402 1084 1456 1158 ll.

480 1228 637 1305 Tullius
658 1231 704 1305 nt
718 1252 851 1305 veram
868 1225 1063 1304 obtineret
1077 1224 1259 1327 gloriam,
1278 1223 1343 1301 sed
1364 1224 1459 1326 quid

481 1370 529 1447 de
555 1370 681 1473 gloria
708 1367 898 1466 senserit,
928 1366 1058 1445 conati
1086 1392 1225 1445 sumus
1253 1389 1455 1469 exponere.

482 1508 608 1614 Cujus
631 1510 832 1613 opiniones
858 1509 1056 1613 judicare,
1083 1514 1121 1587 et
1147 1509 1246 1586 alias
1276 1508 1456 1605 laudare,

482 1650 581 1729 alias
601 1651 777 1729 refellere
791 1654 883 1755 jure
902 1652 1013 1730 nobis
1034 1653 1323 1746 concederetur,
1346 1649 1380 1726 si
1401 1650 1457 1727 in·

482 1799 638 1896 tegrum
662 1794 788 1897 ipsius
808 1794 955 1871 librum
980 1793 1108 1896 legere
1126 1798 1165 1871 et
1183 1789 1364 1869 meditari
1384 1814 1459 1894 po-

482 1934 711 2014 tuissemus.
742 1937 941 2022 Quasdam
969 1961 1060 2014 vero
1093 1933 1240 2038 passim
1270 1933 1455 2029 selectae,

480 2080 520 2154 et
547 2058 701 2174 nostro,
731 2102 808 2155 non
834 2077 1057 2174 Ciceronis,
1085 2076 1220 2152 ordine
1247 2073 1456 2178 dispositas

481 2208 696 2287 sententias
716 2211 951 2313 expendere,
974 2208 1183 2313 aliquando
1202 2206 1321 2285 etiam
1341 2230 1457 2283 coar-

480 2376 617 2455 guere,
647 2351 686 2429 id
719 2353 937 2456 prudentiae
971 2376 1130 2453 parum,
1156 2350 1326 2452 justitiae
1354 2353 1457 2427 certe

479 2491 582 2570 nihil
601 2492 775 2573 haberet.

531 2637 619 2716 Non
651 2636 776 2741 igitur
808 2660 1029 2741 quaeremus
1062 2659 1147 2730 cur,
1180 2632 1221 2709 in
1260 2632 1456 2711 uberrima

480 2776 712 2879 quaestione,
734 2779 790 2856 M.
813 2776 971 2853 Tullius
991 2773 1117 2851 multa
1136 2772 1312 2849 omiserit
1335 2774 1455 2849 omni-

481 2942 552 3015 no,
583 2918 698 3021 plura
730 2917 798 2995 vix
824 2916 1012 3019 attigerit.
1044 2914 1200 2993 Scilicet
1232 2914 1318 3007 ille,
1347 2914 1454 2991 verbi

481 3082 620 3155 causa,
649 3059 798 3135 duobus
828 3058 869 3133 in
903 3056 1014 3133 libris
1048 3081 1144 3159 quos
1184 3055 1355 3157 integros
1382 3055 1454 3131 (16-

482 3199 721 3296 sideramuS,
744 3199 892 3302 copiose
907 3199 954 3275 de
968 3224 1014 3275 ea
1028 3196 1153 3300 gloria
1168 3196 1321 3273 dixerat
1337 3220 1454 3299 quam

480 3338 552 3415 sibi
595 3338 836 3417 carminibus
877 3342 1015 3435 vates,
1059 3335 1261 3439 praeceptis
1301 3341 1339 3411 ct
1385 3335 1454 3412 in-

479 3478 632 3555 stitutis
661 3478 882 3582 philosophi
912 3478 954 3555 in
981 3481 1172 3555 aeternum
1201 3479 1450 3579 comparant,

478 3644 595 3723 quam
613 3619 779 3723 denique
799 3618 944 3696 summi
964 3618 1153 3713 artifices,
1182 3616 1360 3715 Phidias,
1382 3618 1453 3694 Po·

476 3761 659 3864 lycleteS,
699 3766 744 3838 ut
776 3762 822 3838 (16
855 3748 956 3837 aliis
981 3765 1152 3856 taceam,
1188 3758 1368 3863 quamvis
1409 3757 1450 3835 in

475 3903 607 3981 viliori
631 3905 876 3981 elaborarent
900 3872 1088 3999 materia,
1118 3927 1301 4004 magnam
1321 3905 1451 3979 tamen

476 4043 672 4120 consecuti
697 4047 793 4119 sunt
818 4047 857 4120 et
879 4048 1118 4147 perpetuam.
1141 4043 1278 4121 Potuit
1299 4067 1452 4148 quoque

473 4184 528 4261 M.
552 4184 708 4261 Tullius
729 4183 816 4290 (our
834 4186 881 4261 de
899 4210 942 4263 eo
962 4184 1078 4263 aliter
1098 4210 1252 4288 sperare
1271 4184 1448 4280 debeam,

473 4324 691 4425 praesertim
715 4325 756 4403 in
781 4350 824 4403 re
842 4325 984 4423 dubia,
1007 4351 1076 4427 ego
1101 4325 1255 4429 quidem
1281 4349 1357 4403 non
1383 4325 1450 4403 vi-
