3650 5542
766 886 965 947 -lzt—

378 1081 506 1154 mente
540 1079 754 1172 linxerant,
787 1076 923 1177 gloriae
956 1078 1132 1151 umbram
1162 1101 1352 1179 asseque-

379 1225 530 1300 rentur.
553 1219 744 1321 Perpauci
765 1220 972 1297 admodum
993 1219 1039 1295 ad
1065 1219 1166 1322 aequi
1188 1223 1226 1295 et
1244 1220 1352 1321 juris

379 1386 556 1439 normam
593 1361 706 1437 famae
744 1359 997 1461 cupiditatem
1035 1359 1190 1461 exigere
1224 1360 1353 1437 conati

379 1505 487 1599 sunt,
504 1505 544 1578 et
563 1500 622 1576 illi
642 1501 798 1604 quidem
819 1501 939 1576 insite
959 1500 1125 1603 quodam
1141 1500 1349 1597 instinctu,

378 1643 508 1745 potius
541 1668 658 1747 quam
691 1647 797 1719 certa
830 1642 1002 1739 ratione,
1039 1646 1144 1719 certa
1177 1643 1354 1720 doctrina

376 1784 496 1863 ducti.
521 1786 577 1861 Ea
591 1810 682 1861 vere
702 1785 778 1862 fuit
796 1786 851 1863 M.
875 1784 1007 1861 Tullic
1025 1784 1186 1861 fortuna
1201 1783 1353 1885 singu-

377 1923 494 2018 laris,
517 1930 560 2001 ut
579 1925 752 2001 maxima
774 1923 995 2000 incivitate
1020 1927 1162 2019 natus,
1185 1927 1224 2000 et
1249 1923 1290 1999 in
1311 1950 1355 1999 ea

376 2066 631 2170 amplissimis
652 2065 889 2142 muneribus⁴
906 2068 1091 2161 ornatus,
1115 2090 1238 2167 quum
1265 2089 1354 2140 ma-

377 2231 453 2302 nu,
483 2206 639 2308 lingua,
666 2205 866 2302 consiliis,
894 2204 1045 2282 civibus
1067 2204 1149 2280 suis
1171 2203 1354 2280 maximis

379 2346 419 2421 in
436 2348 550 2423 rebus
576 2345 791 2448 saepissime
810 2346 1035 2451 profuisset,
1058 2344 1159 2420 nihil
1181 2370 1354 2447 unquam

377 2514 511 2584 avare,
535 2487 636 2563 nihil
657 2486 881 2582 libidinose,
905 2486 1007 2561 nihil
1025 2485 1184 2561 sceleste
1204 2484 1350 2561 feccrit.

376 2631 449 2725 Et,
479 2654 600 2732 quum
629 2628 708 2704 fere
735 2653 867 2703 omnes
895 2628 1068 2729 ejusdem
1097 2626 1225 2702 aetatis
1253 2624 1352 2722 viri,

375 2770 461 2848 dira
480 2774 519 2847 et
543 2769 654 2849 fatali
683 2767 868 2864 libidine,
896 2768 943 2843 ad
969 2768 1154 2870 quaelibet
1176 2792 1297 2869 prava
1316 2770 1355 2842 et

375 2912 525 3016 injusta
545 2916 790 3015 raperentur,
818 2935 939 3014 quum
956 2910 1040 3011 jam
1060 2932 1130 2983 nec
1150 2907 1350 3003 homines,

375 3079 444 3131 nec
462 3057 551 3132 deos
571 3057 775 3150 curarent,
798 3053 939 3128 Noster
959 3054 1103 3127 certam
1124 3055 1162 3127 ct
1182 3053 1350 3145 rectam,

373 3224 490 3303 quam
510 3196 583 3274 sibi
608 3223 631 3272 a
654 3193 846 3298 principio
866 3197 1139 3295 proposuerat,
1172 3190 1353 3296 loquendi

373 3342 411 3414 ct
430 3338 571 3440 agendi
591 3338 782 3416 rationem
802 3336 996 3432 servavit,
1020 3336 1163 3411 nedum
1184 3333 1354 3411 clarissi-

374 3506 525 3557 morum
567 3481 746 3557 vivorum
789 3478 977 3579 exemplis
1022 3480 1350 3578 corrumperetur.

375 3622 456 3699 Hoc
484 3622 620 3717 etiam,
650 3622 705 3697 M.
735 3619 865 3715 Tulli,
892 3644 984 3722 pace
1010 3619 1136 3694 dicam
1162 3624 1260 3696 tua:
1285 3620 1355 3695 ni-

373 3766 491 3841 miam
510 3764 627 3841 istam
642 3762 778 3863 gloriae
798 3760 1036 3863 cupidinem,
1058 3761 1352 3865 quamplurimi

373 3908 414 3985 in
442 3903 480 3983 te
506 3932 583 3984 non
603 3904 818 4000 immerite,
838 3905 911 3980 sed
933 3903 1109 3981 acerbius
1138 3904 1353 4006 reprehen-

372 4048 532 4144 derunt,
560 4048 615 4124 ita
645 4047 836 4149 paulatim
866 4046 1092 4142 recessisse,
1125 4050 1169 4156 ut
1195 4046 1353 4123 omnino

372 4189 528 4265 tandem
548 4187 767 4266 evanuerit.
795 4188 932 4290 ltaque
960 4190 999 4262 et
1021 4187 1067 4262 de
1097 4186 1222 4287 gloria
1250 4210 1353 4288 quc-

372 4329 466 4407 tidie
494 4330 635 4405 melius
671 4328 887 4422 sentiebaS,
924 4332 962 4403 et
992 4328 1037 4403 de
1065 4353 1108 4403 ea
1136 4327 1280 4403 rectius
1314 4333 1356 4404 et
