3650 5542
851 836 1049 901 ...72-

465 1034 545 1110 Deo
572 1029 893 1106 considerandam
924 1052 1027 1124 esse,
1057 1028 1195 1106 deindo
1222 1029 1263 1106 in
1294 1030 1432 1124 rebus,

466 1174 660 1275 postremo
680 1168 722 1244 in
742 1166 912 1245 homine.

523 1344 542 1376 n
565 1310 660 1385 Haec
674 1313 734 1384 est
747 1306 890 1384 mentis
904 1307 1089 1385 humanae
1104 1308 1315 1386 infirmitas
1335 1309 1435 1387 utin

466 1454 545 1529 Deo
560 1449 823 1551 cognoscendo
836 1447 1009 1564 dividere
1023 1452 1063 1525 el
1081 1472 1261 1551 separare
1276 1453 1437 1552 cogatur

469 1588 623 1695 quaein
651 1586 719 1663 illo
742 1590 1029 1665 connectuntur
1056 1588 1294 1686 necessarie,
1320 1616 1433 1693 quae,

466 1736 513 1808 ul
531 1728 663 1806 verius
682 1727 831 1823 dicam,
852 1752 976 1804 unum
1000 1733 1039 1805 et
1053 1728 1154 1805 idem
1174 1734 1282 1807 sunt.
1305 1731 1436 1817 Quum

466 1871 572 1949 enim
586 1870 633 1945 de
652 1871 731 1946 Deo
751 1868 918 1945 dicimus
939 1868 1175 1946 immensum
1195 1869 1309 1949 illum
1324 1896 1433 1969 esse,

467 2018 659 2091 acernum
678 2035 781 2106 osse,
802 2008 1005 2087 infinitum
1025 2036 1131 2108 esse,
1153 2015 1271 2091 verba
1281 2017 1436 2091 lantum

466 2152 621 2229 diversa
636 2154 793 2247 sonant,
808 2175 890 2226 rem
901 2172 992 2226 vero
1007 2176 1127 2228 unam
1143 2157 1182 2231 el
1194 2154 1367 2233 eamdem
1377 2155 1437 2232 de·

467 2294 633 2372 claranl.
656 2294 753 2370 Esse
772 2292 876 2369 enim
896 2293 1071 2371 absolute
1089 2298 1128 2371 el
1147 2292 1379 2396 simpliciter
1395 2292 1436 2372 in

468 2462 509 2513 se
541 2434 714 2511 conlinel
745 2433 932 2537 quidquid
966 2435 1001 2510 ei
1034 2434 1202 2537 adjicere
1234 2440 1433 2514 conamur.

468 2578 538 2655 Dei
559 2580 654 2654 sunt
672 2575 797 2678 igilur
814 2600 1069 2680 quaecumque
1087 2602 1171 2653 esse
1190 2582 1377 2680 possunt,
1399 2582 1438 2655 el

467 2723 579 2797 extra
610 2742 701 2795 eum
732 2716 835 2794 nihil
863 2720 944 2813 est,
975 2716 1052 2793 nisi
1081 2717 1206 2820 ipsius
1235 2719 1439 2795 voluntate

467 2860 614 2936 factum
633 2858 769 2960 ltaque
787 2856 821 2931 si
842 2854 935 2959 quid
955 2855 1056 2957 apud
1076 2855 1253 2933 homines
1277 2856 1438 2935 inveni-

467 3006 547 3097 tur,
569 2999 670 3103 quod
689 2997 756 3075 isli
776 2996 942 3099 gloriam
961 2996 1117 3093 dicunt,
1144 2998 1183 3075 id
1202 3024 1226 3075 a
1244 3001 1324 3076 Deo
1348 3024 1438 3075 ma-

467 3145 557 3236 nat,
585 3139 622 3216 id
642 3164 667 3216 a
685 3140 764 3215 Deo
797 3137 923 3230 venit,
963 3142 1002 3215 et
1026 3138 1203 3241 quaedam
1237 3140 1438 3218 immensae

467 3279 567 3357 lueis
587 3277 808 3357 scintillula
827 3282 899 3355 est.
925 3279 1055 3363 Quum
1075 3304 1166 3355 vero
1188 3280 1291 3382 apud
1311 3282 1437 3383 Deum

467 3424 564 3500 Esse
582 3421 713 3497 omnia
727 3421 769 3497 in
786 3446 826 3496 se
841 3420 1060 3515 contineat,
1079 3420 1258 3524 sequitur
1272 3420 1438 3523 gloriam

467 3561 539 3640 Ilei
573 3560 673 3637 nihil
706 3560 814 3638 aliud
846 3586 932 3637 esse
964 3586 1080 3663 quam
1118 3560 1247 3663 ipsum
1285 3562 1436 3656 Deum,

466 3728 585 3808 quam
605 3701 730 3804 ipsam
749 3701 925 3778 divinam
945 3705 1152 3796 naturam,
1182 3702 1297 3803 cujus
1317 3706 1438 3778 aeler-

466 3868 563 3922 num
590 3846 629 3919 el
652 3840 917 3918 clarissimum
942 3840 1182 3943 splendorem
1217 3866 1328 3919 nemo
1356 3866 1439 3917 un-

465 4008 584 4087 quam
619 3982 740 4077 vidit,
776 3980 855 4058 nisi
889 3982 995 4057 Deus
1024 3983 1143 4057 lotam
1173 3979 1231 4057 uli
1259 3986 1332 4060 est.
1357 3982 1436 4059 Nos

466 4123 679 4226 imaginem
708 4121 820 4199 modo
845 4125 884 4198 et
909 4125 1066 4211 tenuem
1096 4122 1271 4197 umbram
1296 4121 1439 4228 raptim

464 4268 505 4340 et
527 4262 666 4341 furtim
694 4262 869 4366 aspicere
900 4286 1108 4368 possumus
1137 4260 1346 4339 interdum.
1382 4262 1439 4341 De
