3650 5542
873 851 1072 915 ..28-

491 1040 697 1118 suetudine
724 1044 778 1120 M.
810 1042 989 1139 Tullius,
1017 1070 1139 1146 quum
1168 1070 1251 1119 eam
1281 1046 1363 1147 jam
1391 1046 1458 1121 diu

491 1180 704 1258 stabilitam
732 1183 969 1274 invenisset,
997 1182 1052 1258 ita
1078 1184 1159 1285 ipse
1187 1210 1284 1260 usus
1313 1188 1373 1261 est
1415 1192 1459 1261 ut

489 1321 535 1395 de
555 1346 596 1396 se
614 1321 739 1399 multa
758 1323 912 1426 quidem
933 1323 1176 1419 disseruerit,
1194 1323 1308 1424 plura
1328 1328 1458 1401 tamen

489 1467 535 1542 de
558 1469 775 1569 aequalibus
797 1470 901 1567 suis,
924 1472 1039 1573 plura
1066 1473 1283 1573 praesertim
1311 1477 1349 1550 et
1368 1500 1459 1550 ma-

485 1610 572 1709 jora
598 1610 644 1684 de
667 1612 725 1686 tot
750 1609 972 1711 insignibus
1001 1610 1098 1687 viris
1124 1611 1212 1713 qui,
1245 1612 1456 1713 praeteritis

488 1748 530 1824 in
554 1750 812 1851 temporibus,
836 1748 1114 1850 rempublicam
1139 1754 1208 1827 aut
1233 1756 1459 1828 nascentem

488 1889 832 1985 confirmaverant,
854 1893 924 1965 aut
943 1888 1108 1964 fractam
1127 1889 1364 1987 refecerant,
1388 1898 1458 1968 aut

487 2031 678 2107 labentem
699 2032 984 2107 sustinuerant.
1003 2030 1078 2115 Qui
1099 2053 1176 2104 non
1192 2032 1282 2131 jure
1301 2031 1459 2132 potuis-

488 2177 546 2249 set
566 2172 631 2250 ille
652 2172 726 2266 vir,
749 2199 816 2274 per
840 2199 953 2276 quem
981 2177 1039 2249 tot
1066 2172 1285 2249 illustrium
1312 2173 1458 2250 civium

488 2311 614 2412 gloria
639 2297 887 2407 innotuerat,
917 2314 1210 2414 percrebuerat,
1240 2316 1286 2391 de
1312 2314 1457 2416 seipso

488 2451 684 2527 interdum
710 2452 941 2553 praedicare,
969 2459 1008 2529 et
1035 2456 1278 2555 posterorum
1306 2477 1457 2553 praeoc—

488 2591 662 2693 cupando
678 2592 848 2692 judicia,
871 2595 948 2670 sibi
970 2594 1155 2669 intereos
1176 2594 1302 2668 locum
1322 2592 1459 2668 vindi—

488 2758 575 2808 care
608 2759 702 2834 quos
737 2733 894 2834 ingrata
926 2732 1119 2809 oblivione
1151 2758 1375 2835 oppressm,
1413 2736 1457 2807 ut
1523 2714 1525 2718 ⁵

487 2899 597 2988 verae
622 2874 783 2951 virtutis
812 2875 1010 2976 exempla,
1043 2873 1115 2950 sibi
1153 2875 1227 2976 ipsi
1262 2872 1453 2976 primum,

487 3012 625 3089 deinde
644 3013 794 3089 civibus
816 3013 898 3089 suis
919 3012 1189 3115 proposuerat!

540 3155 644 3231 Malo
664 3154 841 3257 equidem
861 3158 1010 3230 rectum
1026 3158 1063 3231 et
1083 3152 1297 3250 sincerum,
1316 3159 1354 3231 et
1373 3154 1457 3231 sine

488 3295 655 3372 aliorum
683 3294 831 3371 invidia
854 3295 989 3397 gloriae
1015 3299 1226 3373 amatorem
1252 3297 1318 3401 qui
1345 3299 1390 3373 de
1417 3323 1457 3374 se

488 3437 619 3536 aperto
647 3438 820 3536 pectore,
853 3438 984 3536 aperto
1012 3460 1076 3511 ore
1104 3460 1247 3536 magna
1274 3438 1313 3511 et
1335 3434 1458 3511 nimia

487 3576 677 3677 profatur,
701 3600 816 3679 quam
836 3600 926 3651 eum
950 3575 1057 3653 tristi
1077 3575 1285 3652 ambitione
1308 3578 1457 3652 tumen-

487 3719 566 3789 tem
585 3712 672 3817 qui,
694 3714 787 3789 dum
806 3739 967 3815 pravam
988 3713 1208 3816 cupidinem
1228 3714 1456 3817 impenetra-

487 3852 556 3929 bili
581 3852 710 3928 animo
729 3852 891 3954 obtegit,
915 3853 1045 3928 omnia
1071 3852 1231 3928 molitur
1251 3857 1296 3928 ut
1318 3852 1456 3956 quavis

489 3991 639 4068 ratione
662 4016 747 4068 eam
774 4016 891 4094 quam
920 3990 995 4067 sibi
1019 4015 1201 4092 perversa
1225 3991 1456 4094 cogitatione

490 4130 626 4227 finxit,
649 4130 787 4206 falsam
806 4128 971 4231 gloriam
991 4129 1147 4206 tandem
1168 4130 1364 4232 corripiat.

538 4275 673 4379 ltaque
689 4274 751 4349 M..
761 4272 956 4356 Tullium,
976 4274 1113 4349 saltem
1134 4275 1232 4379 quod
1254 4275 1301 4350 ad
1321 4275 1455 4376 gloriae
