3650 5542
764 891 882 960 ...33
923 926 962 935 .-

376 1083 578 1158 conentur.
615 1079 728 1158 Pleni
755 1085 850 1157 sunt
877 1085 1053 1157 veterum
1088 1080 1200 1177 libri,
1235 1080 1350 1182 plena

376 1227 436 1302 est
468 1224 635 1303 historia
665 1248 798 1300 rerum
827 1222 969 1300 talium
995 1222 1208 1324 exemplis,
1235 1249 1344 1327 quae,

377 1366 410 1444 si
430 1391 605 1471 unquam
623 1365 742 1462 alius,
763 1366 905 1443 Noster
919 1366 1081 1468 legendo
1096 1371 1346 1468 cognoverat,

375 1508 561 1588 memoria
579 1507 794 1603 retinebat,
816 1532 939 1610 quum
958 1533 1004 1584 ea
1023 1507 1065 1585 in
1085 1506 1168 1584 suis
1196 1508 1348 1610 episto-

377 1647 449 1746 lis,
471 1647 713 1726 orationibus
734 1649 878 1726 referat
897 1649 1125 1753 saepissime.
1148 1652 1200 1728 Et
1217 1653 1349 1729 tamen

375 1790 459 1867 haec
477 1789 608 1868 omnia
626 1815 749 1893 quum
768 1790 893 1866 multo
913 1794 1005 1867 ante
1025 1790 1228 1887 habuisset
1246 1814 1349 1893 pers·

372 1936 504 2036 pecta,
535 1956 657 2036 quum
685 1935 890 2010 nutantem
921 1932 1227 2034 rempublicam,
1256 1931 1349 2012 fati·
1390 1993 1394 2002 .

372 2071 515 2175 tigatos
534 2071 597 2149 vel
615 2073 864 2175 desperantes
882 2073 1026 2167 bonos,
1050 2095 1159 2147 raros
1174 2075 1214 2148 et
1232 2070 1348 2149 timi-

373 2214 440 2291 dos
454 2239 555 2291 verae
570 2212 764 2291 libertatis
780 2217 988 2311 amatores,
1007 2212 1184 2316 undique
1199 2211 1346 2291 circum

372 2360 549 2460 spectans
568 2354 740 2453 videret,
762 2382 884 2460 quum
905 2356 1075 2459 sibiipsi
1096 2356 1344 2448 simultates,

374 2499 478 2596 odia,
501 2497 685 2595 exilium,
707 2498 833 2601 ipsam
852 2498 1019 2602 denique
1037 2497 1251 2576 violentam
1271 2520 1347 2572 nc-

374 2666 456 2718 cem
475 2644 605 2717 mente
624 2640 892 2743 preaesagirct,
917 2640 1043 2719 sciens
1063 2644 1196 2719 tamen
1215 2644 1254 2717 et
1271 2664 1346 2717 vo·
1366 2624 1370 2628 ⁴

374 2783 458 2860 lens
487 2782 662 2881 facilem,
699 2786 844 2860 certam
877 2786 916 2860 et
943 2782 1055 2887 quasi
1083 2780 1235 2859 obviam
1254 2779 1345 2882 glo-

374 2926 474 3003 riam
493 2926 687 3030 despexit,
709 2932 755 3003 ut
773 2951 858 3003 eam
881 2927 1201 3029 amplecteretur,
1228 2948 1346 3028 quam

374 3092 443 3146 nec
461 3068 630 3166 videnti,
653 3094 723 3145 nec
742 3068 919 3146 audienti
933 3068 1141 3173 posteritas
1157 3064 1346 3169 aliquan-

372 3210 419 3288 do
439 3210 624 3314 largitur,
656 3210 865 3314 aliquando
888 3212 951 3288 vel
976 3210 1141 3288 merenti
1166 3208 1249 3284 viro
1272 3208 1347 3285 do-

373 3379 467 3431 nare
485 3353 734 3456 dedignatur,
757 3358 827 3431 aut
850 3380 924 3431 non
945 3352 1182 3430 recordatur.

423 3493 511 3570 Non
531 3493 630 3570 mihi
649 3494 759 3572 venit
778 3494 819 3572 in
840 3499 1008 3572 mentem
1034 3494 1224 3571 acerrima
1244 3518 1345 3596 quae·

371 3629 518 3709 damet
544 3658 683 3735 parum
709 3661 822 3738 aequa
849 3636 904 3712 M.
934 3633 1055 3710 Tullii
1076 3632 1180 3711 diota
1208 3658 1344 3736 repre-
1384 3687 1386 3690 -

371 3771 568 3870 hendere,
582 3800 669 3878 quae
689 3774 732 3851 in
751 3774 919 3872 nobiles,
942 3774 1091 3879 quaein
1116 3792 1255 3878 graves
1276 3773 1344 3851 vi-

372 3937 433 3987 ros
454 3913 659 3991 admodum
679 3914 900 3991 adolescens
917 3914 1148 4017 jactaverit,
1171 3914 1265 3989 dum

489 4140 639 4203 Nimium
651 4144 797 4222 poculares
808 4144 1020 4224 populandus
1033 4144 1140 4215 curis,

713 4296 724 4326 1

371 4404 458 4482 quae
486 4385 588 4457 esset
615 4406 707 4458 vcra
733 4380 858 4483 gloria
885 4405 961 4458 non
989 4381 1084 4457 satis
1113 4382 1242 4458 adhuc
1267 4406 1342 4458 ex-

1165 4543 1180 4593 a
