3650 5542
867 832 1065 893 ..1⁶2-

477 1031 542 1102 tus
558 1024 775 1127 optavisse,
794 1022 1159 1099 monstraverimus,
1180 1024 1279 1100 Tum
1296 1024 1453 1101 demum

476 1199 563 1277 quae
583 1173 651 1250 1116
669 1171 845 1249 omiserit
864 1169 1056 1267 indicare,
1088 1198 1174 1274 quae
1196 1170 1270 1275 ipsi
1299 1171 1453 1248 sentia-

478 1342 566 1393 mus
585 1316 632 1392 de
650 1315 790 1418 gloria,
814 1313 879 1391 sed
900 1311 1035 1415 paucis
1051 1313 1194 1410 verbm,
1213 1312 1452 1390 tentabimus

478 1482 683 1559 exponere.

529 1597 673 1674 Omnes
694 1594 829 1672 innato
849 1595 979 1672 studio
1000 1595 1045 1670 ad
1072 1594 1235 1670 laudum
1256 1619 1450 1693 amorem,

475 1740 521 1815 ad
546 1738 711 1841 gloriam
739 1738 949 1830 trahimur,
977 1762 1114 1840 quarn,
1144 1739 1190 1811 ut
1220 1736 1450 1838 ingenium,

475 1885 654 1979 fortuna,
677 1887 851 1982 tempora
870 1879 1018 1974 tulere,
1042 1878 1083 1955 in
1103 1878 1278 1965 diversis
1294 1880 1452 1957 omninb

476 2028 614 2121 rebus,
648 2027 733 2100 turn
767 2022 808 2099 in
842 2020 1049 2119 maximis,
1082 2026 1167 2097 tum
1199 2021 1240 2097 in
1274 2020 1450 2097 minimis

475 2167 670 2271 ponimus
693 2165 774 2241 Alii
791 2165 836 2244 in
857 2189 988 2260 arma,
1007 2164 1048 2240 in
1069 2163 1247 2266 imperia,
1270 2162 1312 2240 in
1332 2162 1451 2239 domi·

474 2309 652 2387 nationes
672 2306 905 2408 expetendas
922 2304 1142 2381 incredibili
1160 2304 1305 2406 impetu
1322 2304 1450 2381 ferun·

475 2454 562 2545 tur;
586 2449 675 2527 aliis
696 2449 848 2551 placida
867 2453 905 2525 et
924 2446 1027 2524 domi
1048 2451 1159 2549 parta
1178 2448 1282 2525 fama
1301 2448 1447 2550 placet,

473 2617 591 2696 quam
624 2592 786 2693 lingua,
820 2615 937 2694 quam
966 2590 1072 2693 juris
1107 2590 1295 2687 scientia,
1332 2617 1448 2695 quam

473 2730 656 2833 ingenuis
676 2729 827 2807 artibus
847 2731 1010 2834 adipisci
1031 2731 1195 2834 possint.
1220 2731 1295 2809 Hic

752 3030 895 3112 Angusto
910 3030 948 3092 c'o
964 3030 1065 3093 liou'te
1080 3030 1200 3093 rutmcb'

752 3144 881 3245 AEstout
895 3143 1034 3224 tofella,

470 3438 509 3511 et
524 3435 634 3535 luget
653 3433 754 3535 quod
774 3431 846 3508 sibi
864 3432 1090 3533 subigendae
1106 3432 1308 3509 autetiam
1330 3432 1449 3508 inter·

471 3572 645 3649 ficiendae
672 3576 807 3673 gentes
834 3573 1032 3651 deficiant.
1057 3573 1128 3651 llle
1153 3600 1282 3675 parvae
1307 3574 1447 3677 reipu-

471 3712 581 3790 blicae
610 3714 731 3812 civia,
762 3715 794 3790 si
824 3714 996 3817 primum
1025 3714 1128 3791 inter
1151 3739 1293 3815 paucos
1320 3713 1447 3789 locum

470 3857 742 3958 occupaverit,
765 3857 949 3958 cupidine
968 3857 1143 3958 expleta,
1166 3858 1322 3959 gaudet.
1346 3857 1448 3933 Mul-

471 4002 530 4074 tos
559 3997 730 4075 vidimus
765 3999 832 4102 qui
862 3998 1018 4076 divinas
1049 4004 1088 4076 et
1120 4000 1314 4077 humanas
1341 3999 1446 4100 leges

472 4136 685 4238 pronihilo
710 4139 938 4235 habuerint,
961 4140 1028 4243 qui
1049 4140 1150 4217 nihil
1172 4165 1249 4217 non
1268 4140 1448 4217 violave-

473 4278 573 4374 rint,
610 4279 817 4356 dummodo
854 4282 1010 4359 inanem
1046 4283 1183 4380 istam,
1219 4310 1336 4391 quam
1370 4284 1444 4361 sibi
