3650 5542
868 906 1068 966 ..pp-

483 1096 528 1166 ut
547 1117 633 1194 quae
661 1093 795 1169 ltomae
820 1096 1049 1193 agerentur,
1077 1118 1121 1167 ea
1147 1118 1214 1194 per
1234 1094 1453 1195 provincias

480 1237 518 1308 et
542 1234 644 1335 apud
670 1233 950 1311 remotissimas
975 1241 1110 1337 gentes
1137 1235 1338 1313 celerrime
1360 1264 1454 1339 per-

479 1377 776 1473 crebrescerent,
798 1381 836 1453 et
857 1376 912 1453 sic
932 1376 1220 1478 amplissimum
1240 1374 1454 1452 diffunden-

478 1516 536 1592 dae
551 1517 686 1618 gloriae
706 1518 832 1594 locum
849 1519 1049 1597 haberent.
1069 1521 1264 1597 Praeterea
1279 1544 1355 1596 non
1371 1524 1454 1595 erat

477 1658 605 1737 adhuc
623 1659 664 1736 in
686 1661 788 1737 Urbe
809 1686 936 1758 unuS,
959 1667 1062 1739 certo
1076 1664 1167 1764 jure
1187 1663 1450 1756 constitutus,

476 1799 540 1875 oui
569 1826 701 1877 omnes
731 1800 991 1898 inservirent,
1021 1827 1135 1905 quem
1168 1826 1327 1897 omneS,
1358 1803 1453 1875 tau-

475 1968 592 2044 quam
617 1943 718 2019 servi
745 1943 968 2041 dominum,
993 1945 1255 2023 intuerentur.
1278 1945 1331 2020 nt
1354 1965 1452 2017 oon-

474 2087 536 2161 tra
561 2112 605 2161 ea
631 2086 695 2164 lex
719 2087 892 2163 civitatis
912 2091 998 2163 tum
1019 2086 1187 2163 maxime
1211 2085 1367 2187 vigebat
1385 2084 1448 2175 ut,

474 2228 507 2303 si
528 2228 616 2331 quis
637 2254 714 2305 uon
734 2229 845 2306 modo
865 2229 1088 2325 nobilitate,
1112 2228 1176 2304 sed
1196 2224 1447 2319 fortitudine,

474 2369 652 2471 ingenie,
675 2356 823 2449 virtute
845 2371 978 2475 aliqua
997 2374 1219 2475 praestaret,
1242 2374 1275 2445 is
1296 2366 1450 2469 propria

472 2512 690 2607 commoda,
713 2512 889 2613 proprias
908 2512 1115 2589 facultates
1136 2511 1177 2588 in
1197 2509 1334 2612 patriae
1353 2532 1450 2583 com·

472 2652 604 2729 munis
638 2652 829 2729 conferret
862 2654 1094 2750 utilitatem,
1126 2657 1164 2729 et
1192 2653 1248 2729 ita
1281 2650 1449 2751 amplis-

472 2792 589 2869 simos
621 2794 785 2870 honores
817 2799 1104 2898 assequeretur.
1137 2795 1322 2872 Creverat
1353 2791 1449 2895 qui-

469 2936 574 3033 dem,
604 2942 649 3014 ut
673 2938 792 3034 solet,
819 2965 908 3015 cum
936 2940 1020 3041 ipsa
1046 2940 1227 3035 civitate,
1256 2938 1447 3013 honorum

468 3085 507 3155 et
529 3078 665 3180 gloriae
690 3081 909 3183 cupiditas,
937 3108 1007 3159 nec
1026 3085 1109 3185 jam
1139 3106 1280 3183 paucos
1305 3103 1447 3154 assen-

467 3224 612 3296 tatores
632 3221 842 3299 clarissimi
862 3226 1014 3302 romani
1031 3225 1104 3303 sibi
1124 3221 1424 3325 expostulabant
1431 3246 1441 3314 ;

467 3386 577 3464 reges
598 3363 724 3466 ipsos,
747 3366 954 3445 universas
974 3374 1108 3470 gentes
1129 3368 1175 3443 ad
1197 3391 1288 3443 suas
1309 3364 1443 3440 laudes

466 3505 715 3585 celebrandas
736 3509 927 3608 invitare,
951 3512 1148 3589 interdum
1172 3509 1290 3586 etiam
1310 3532 1444 3609 cogere

464 3647 711 3729 videbantur.
753 3654 839 3730 Non
877 3654 1053 3732 studium
1091 3653 1189 3730 illud
1228 3657 1336 3747 erat,
1377 3650 1441 3726 sed

464 3816 585 3891 prava
604 3791 722 3869 libido
741 3820 827 3896 quae
852 3799 1020 3871 veterem
1045 3792 1267 3895 reipublicae
1294 3795 1440 3868 statum

463 3939 657 4032 evertere,
680 3963 766 4039 quae
787 3937 890 4040 leges
917 3937 1020 4039 ipsas
1042 3937 1253 4013 conabatur
1273 3933 1435 4011 abolere.

515 4082 615 4167 Quid
646 4083 791 4159 mirum
816 4085 847 4160 si
874 4087 1015 4161 Noster
1039 4111 1085 4161 ex
1110 4085 1240 4161 eodem
1266 4083 1333 4160 illo
1357 4085 1438 4159 Ar-

461 4219 553 4319 pino
580 4247 656 4324 quo
683 4248 808 4324 nuper
831 4225 874 4303 C.
907 4225 1059 4303 Marius
1087 4227 1278 4328 originem
1308 4228 1437 4303 duxe-

462 4371 545 4459 rat,
569 4361 649 4462 ipse
669 4369 804 4461 ortus,
826 4366 1044 4444 incredibili
1067 4368 1200 4445 statim
1222 4368 1382 4445 laudum
1399 4374 1436 4443 et
