<?xml version="1.0" encoding="UTF-8"?>
<!DOCTYPE html PUBLIC "-//W3C//DTD XHTML 1.0 Transitional//EN"
    "http://www.w3.org/TR/xhtml1/DTD/xhtml1-transitional.dtd">
<html xmlns="http://www.w3.org/1999/xhtml" xml:lang="en" lang="en">
 <head>
  <title>
</title>
<meta http-equiv="Content-Type" content="text/html;charset=utf-8" />
  <meta name='ocr-system' content='tesseract 3.04.00' />
  <meta name='ocr-capabilities' content='ocr_page ocr_carea ocr_par ocr_line ocrx_word'/>
</head>
<body>
  <div class='ocr_page' id='page_1' title='image "./quiddegloriasen00chargoog_0050.png"; bbox 0 0 3650 5542; ppageno 0'>
   <div class='ocr_carea' id='block_1_1' title="bbox 851 868 1052 932">
    <p class='ocr_par' dir='ltr' id='par_1_1' title="bbox 851 868 1052 932">
     <span class='ocr_line' id='line_1_1' title="bbox 851 868 1052 932; baseline -0.02 -13"><span class='ocrx_word' id='word_1_1' title='bbox 851 868 1052 932; x_wconf 69' lang='lat'>..44-</span> 
     </span>
    </p>
   </div>
   <div class='ocr_carea' id='block_1_2' title="bbox 365 1057 1439 4392">
    <p class='ocr_par' dir='ltr' id='par_1_2' title="bbox 365 1057 1439 3832">
     <span class='ocr_line' id='line_1_2' title="bbox 464 1057 1438 1164; baseline 0.003 -28"><span class='ocrx_word' id='word_1_2' title='bbox 464 1086 551 1164; x_wconf 90' lang='lat' dir='ltr'>quae</span> <span class='ocrx_word' id='word_1_3' title='bbox 577 1060 659 1135; x_wconf 90' lang='lat' dir='ltr'>sola</span> <span class='ocrx_word' id='word_1_4' title='bbox 682 1083 775 1135; x_wconf 85' lang='lat' dir='ltr'>vera</span> <span class='ocrx_word' id='word_1_5' title='bbox 800 1058 927 1159; x_wconf 88' lang='lat' dir='ltr'>gloria</span> <span class='ocrx_word' id='word_1_6' title='bbox 950 1057 1146 1135; x_wconf 87' lang='lat' dir='ltr'>nominari</span> <span class='ocrx_word' id='word_1_7' title='bbox 1173 1064 1320 1162; x_wconf 89' lang='lat' dir='ltr'>potest,</span> <span class='ocrx_word' id='word_1_8' title='bbox 1348 1062 1438 1139; x_wconf 89' lang='lat' dir='ltr'>aliis</span> 
     </span>
     <span class='ocr_line' id='line_1_3' title="bbox 365 1193 1437 1304; baseline 0.002 -26"><span class='ocrx_word' id='word_1_9' title='bbox 365 1193 369 1200; x_wconf 79' lang='grc'><em>’</em></span> <span class='ocrx_word' id='word_1_10' title='bbox 464 1202 588 1280; x_wconf 90' lang='lat' dir='ltr'>otium</span> <span class='ocrx_word' id='word_1_11' title='bbox 620 1207 659 1278; x_wconf 88' lang='lat' dir='ltr'>et</span> <span class='ocrx_word' id='word_1_12' title='bbox 695 1200 915 1304; x_wconf 87' lang='lat' dir='ltr'>voluptates</span> <span class='ocrx_word' id='word_1_13' title='bbox 953 1224 1127 1304; x_wconf 89' lang='lat' dir='ltr'>quaerere</span> <span class='ocrx_word' id='word_1_14' title='bbox 1163 1201 1326 1297; x_wconf 82' lang='lat' dir='ltr'>debent,</span> <span class='ocrx_word' id='word_1_15' title='bbox 1360 1227 1437 1280; x_wconf 91' lang='lat' dir='ltr'>non</span> 
     </span>
     <span class='ocr_line' id='line_1_4' title="bbox 465 1341 1439 1443; baseline 0 -24"><span class='ocrx_word' id='word_1_16' title='bbox 465 1341 551 1421; x_wconf 87' lang='lat' dir='ltr'>sibi.</span> <span class='ocrx_word' id='word_1_17' title='bbox 570 1341 860 1420; x_wconf 86' lang='lat' dir='ltr'>Sudandumest</span> <span class='ocrx_word' id='word_1_18' title='bbox 878 1341 942 1418; x_wconf 91' lang='lat' dir='ltr'>his</span> <span class='ocrx_word' id='word_1_19' title='bbox 961 1366 1031 1443; x_wconf 90' lang='lat' dir='ltr'>pro</span> <span class='ocrx_word' id='word_1_20' title='bbox 1050 1341 1321 1419; x_wconf 91' lang='lat' dir='ltr'>communibus</span> <span class='ocrx_word' id='word_1_21' title='bbox 1342 1366 1439 1419; x_wconf 89' lang='lat' dir='ltr'>com·</span> 
     </span>
     <span class='ocr_line' id='line_1_5' title="bbox 465 1478 1434 1583; baseline -0.001 -25"><span class='ocrx_word' id='word_1_22' title='bbox 465 1479 610 1577; x_wconf 83' lang='lat' dir='ltr'>modis,</span> <span class='ocrx_word' id='word_1_23' title='bbox 633 1479 820 1557; x_wconf 88' lang='lat' dir='ltr'>adeundae</span> <span class='ocrx_word' id='word_1_24' title='bbox 840 1478 1078 1575; x_wconf 72' lang='lat' dir='ltr'>inimicitiae,</span> <span class='ocrx_word' id='word_1_25' title='bbox 1102 1480 1314 1559; x_wconf 88' lang='lat' dir='ltr'>subeundae</span> <span class='ocrx_word' id='word_1_26' title='bbox 1334 1505 1434 1583; x_wconf 91' lang='lat' dir='ltr'>saepe</span> 
     </span>
     <span class='ocr_line' id='line_1_6' title="bbox 462 1620 1438 1725; baseline -0.002 -26"><span class='ocrx_word' id='word_1_27' title='bbox 462 1647 530 1725; x_wconf 92' lang='lat' dir='ltr'>pro</span> <span class='ocrx_word' id='word_1_28' title='bbox 554 1620 752 1724; x_wconf 82' lang='lat' dir='ltr'>republica</span> <span class='ocrx_word' id='word_1_29' title='bbox 778 1623 1054 1723; x_wconf 78' lang='lat' dir='ltr'>tempestates:</span> <span class='ocrx_word' id='word_1_30' title='bbox 1079 1645 1170 1699; x_wconf 91' lang='lat' dir='ltr'>oum</span> <span class='ocrx_word' id='word_1_31' title='bbox 1193 1620 1330 1697; x_wconf 83' lang='lat' dir='ltr'>multis</span> <span class='ocrx_word' id='word_1_32' title='bbox 1358 1647 1438 1697; x_wconf 89' lang='lat' dir='ltr'>au-</span> 
     </span>
     <span class='ocr_line' id='line_1_7' title="bbox 462 1760 1438 1865; baseline -0.002 -26"><span class='ocrx_word' id='word_1_33' title='bbox 462 1763 643 1859; x_wconf 88' lang='lat' dir='ltr'>dacibus,</span> <span class='ocrx_word' id='word_1_34' title='bbox 668 1761 851 1865; x_wconf 89' lang='lat' dir='ltr'>improbis</span> <span class='ocrx_word' id='word_1_35' title='bbox 864 1765 878 1858; x_wconf 90' lang='lat'>,&#39;</span> <span class='ocrx_word' id='word_1_36' title='bbox 896 1784 1190 1864; x_wconf 88' lang='lat' dir='ltr'>nonnumquam</span> <span class='ocrx_word' id='word_1_37' title='bbox 1219 1760 1338 1838; x_wconf 82' lang='lat' dir='ltr'>etiam</span> <span class='ocrx_word' id='word_1_38' title='bbox 1364 1786 1438 1863; x_wconf 91' lang='lat' dir='ltr'>po-</span> 
     </span>
     <span class='ocr_line' id='line_1_8' title="bbox 462 1900 1437 2004; baseline -0.003 -25"><span class='ocrx_word' id='word_1_39' title='bbox 462 1902 635 1980; x_wconf 89' lang='lat' dir='ltr'>tentibus</span> <span class='ocrx_word' id='word_1_40' title='bbox 682 1900 962 1979; x_wconf 91' lang='lat' dir='ltr'>dimicandum.</span> <span class='ocrx_word' id='word_1_41' title='bbox 999 1902 1136 2004; x_wconf 86' lang='lat' dir='ltr'>Itaque</span> <span class='ocrx_word' id='word_1_42' title='bbox 1183 1925 1260 1978; x_wconf 91' lang='lat' dir='ltr'>non</span> <span class='ocrx_word' id='word_1_43' title='bbox 1293 1925 1357 1978; x_wconf 90' lang='lat' dir='ltr'>eos</span> <span class='ocrx_word' id='word_1_44' title='bbox 1396 1901 1437 2003; x_wconf 90' lang='lat' dir='ltr'>in</span> 
     </span>
     <span class='ocr_line' id='line_1_9' title="bbox 462 2039 1437 2147; baseline -0.004 -27"><span class='ocrx_word' id='word_1_45' title='bbox 462 2044 577 2121; x_wconf 90' lang='lat' dir='ltr'>laude</span> <span class='ocrx_word' id='word_1_46' title='bbox 609 2042 753 2147; x_wconf 89' lang='lat' dir='ltr'>positos</span> <span class='ocrx_word' id='word_1_47' title='bbox 788 2040 967 2118; x_wconf 87' lang='lat' dir='ltr'>videmus</span> <span class='ocrx_word' id='word_1_48' title='bbox 1001 2040 1069 2144; x_wconf 95' lang='lat' dir='ltr'>qui</span> <span class='ocrx_word' id='word_1_49' title='bbox 1102 2039 1323 2117; x_wconf 77' lang='lat' dir='ltr'>incitarunt</span> <span class='ocrx_word' id='word_1_50' title='bbox 1356 2039 1437 2117; x_wconf 88' lang='lat' dir='ltr'>ali-</span> 
     </span>
     <span class='ocr_line' id='line_1_10' title="bbox 463 2154 1438 2289; baseline -0.004 -28"><span class='ocrx_word' id='word_1_51' title='bbox 463 2162 616 2289; x_wconf 88' lang='lat' dir='ltr'>quando</span> <span class='ocrx_word' id='word_1_52' title='bbox 648 2184 781 2288; x_wconf 93' lang='lat' dir='ltr'>populi</span> <span class='ocrx_word' id='word_1_53' title='bbox 814 2184 965 2261; x_wconf 90' lang='lat' dir='ltr'>animos</span> <span class='ocrx_word' id='word_1_54' title='bbox 998 2154 1044 2259; x_wconf 69' lang='lat' dir='ltr'>ael</span> <span class='ocrx_word' id='word_1_55' title='bbox 1078 2181 1331 2278; x_wconf 89' lang='lat' dir='ltr'>seditionem,</span> <span class='ocrx_word' id='word_1_56' title='bbox 1369 2185 1438 2258; x_wconf 87' lang='lat' dir='ltr'>aut</span> 
     </span>
     <span class='ocr_line' id='line_1_11' title="bbox 462 2322 1434 2430; baseline -0.006 -26"><span class='ocrx_word' id='word_1_57' title='bbox 462 2325 529 2430; x_wconf 95' lang='lat' dir='ltr'>qui</span> <span class='ocrx_word' id='word_1_58' title='bbox 546 2324 753 2428; x_wconf 76' lang='lat' dir='ltr'>largitione</span> <span class='ocrx_word' id='word_1_59' title='bbox 768 2326 967 2401; x_wconf 88' lang='lat' dir='ltr'>caecarunt</span> <span class='ocrx_word' id='word_1_60' title='bbox 981 2326 1130 2401; x_wconf 90' lang='lat' dir='ltr'>mentes</span> <span class='ocrx_word' id='word_1_61' title='bbox 1147 2322 1434 2426; x_wconf 85' lang='lat' dir='ltr'>imperitorum,</span> 
     </span>
     <span class='ocr_line' id='line_1_12' title="bbox 461 2462 1435 2569; baseline -0.001 -27"><span class='ocrx_word' id='word_1_62' title='bbox 461 2469 532 2543; x_wconf 88' lang='lat' dir='ltr'>aut</span> <span class='ocrx_word' id='word_1_63' title='bbox 546 2465 614 2569; x_wconf 94' lang='lat' dir='ltr'>qui</span> <span class='ocrx_word' id='word_1_64' title='bbox 633 2464 751 2542; x_wconf 85' lang='lat' dir='ltr'>fortes</span> <span class='ocrx_word' id='word_1_65' title='bbox 771 2467 811 2541; x_wconf 84' lang='lat' dir='ltr'>et</span> <span class='ocrx_word' id='word_1_66' title='bbox 829 2463 955 2540; x_wconf 86' lang='lat' dir='ltr'>claros</span> <span class='ocrx_word' id='word_1_67' title='bbox 975 2462 1096 2560; x_wconf 85' lang='lat' dir='ltr'>viros,</span> <span class='ocrx_word' id='word_1_68' title='bbox 1124 2465 1163 2540; x_wconf 88' lang='lat' dir='ltr'>et</span> <span class='ocrx_word' id='word_1_69' title='bbox 1180 2465 1276 2541; x_wconf 90' lang='lat' dir='ltr'>bene</span> <span class='ocrx_word' id='word_1_70' title='bbox 1302 2464 1348 2540; x_wconf 92' lang='lat' dir='ltr'>de</span> <span class='ocrx_word' id='word_1_71' title='bbox 1368 2488 1435 2541; x_wconf 91' lang='lat' dir='ltr'>re-</span> 
     </span>
     <span class='ocr_line' id='line_1_13' title="bbox 461 2601 1437 2710; baseline -0.002 -27"><span class='ocrx_word' id='word_1_72' title='bbox 461 2605 616 2710; x_wconf 88' lang='lat' dir='ltr'>publica</span> <span class='ocrx_word' id='word_1_73' title='bbox 635 2602 837 2682; x_wconf 87' lang='lat' dir='ltr'>meritosin</span> <span class='ocrx_word' id='word_1_74' title='bbox 859 2601 1049 2679; x_wconf 88' lang='lat' dir='ltr'>invidiam</span> <span class='ocrx_word' id='word_1_75' title='bbox 1072 2602 1246 2707; x_wconf 87' lang='lat' dir='ltr'>aliquam</span> <span class='ocrx_word' id='word_1_76' title='bbox 1268 2628 1437 2681; x_wconf 85' lang='lat' dir='ltr'>vocave-</span> 
     </span>
     <span class='ocr_line' id='line_1_14' title="bbox 463 2744 1438 2850; baseline -0.002 -24"><span class='ocrx_word' id='word_1_77' title='bbox 463 2752 570 2826; x_wconf 89' lang='lat' dir='ltr'>runt.</span> <span class='ocrx_word' id='word_1_78' title='bbox 598 2749 718 2825; x_wconf 87' lang='lat' dir='ltr'>Leves</span> <span class='ocrx_word' id='word_1_79' title='bbox 745 2747 815 2824; x_wconf 89' lang='lat' dir='ltr'>hos</span> <span class='ocrx_word' id='word_1_80' title='bbox 845 2770 995 2850; x_wconf 86' lang='lat' dir='ltr'>semper</span> <span class='ocrx_word' id='word_1_81' title='bbox 1011 2744 1144 2822; x_wconf 89' lang='lat' dir='ltr'>-uostri</span> <span class='ocrx_word' id='word_1_82' title='bbox 1172 2744 1369 2844; x_wconf 87' lang='lat' dir='ltr'>homiues,</span> <span class='ocrx_word' id='word_1_83' title='bbox 1398 2749 1438 2824; x_wconf 89' lang='lat' dir='ltr'>et</span> 
     </span>
     <span class='ocr_line' id='line_1_15' title="bbox 461 2885 1438 2991; baseline -0.004 -24"><span class='ocrx_word' id='word_1_84' title='bbox 461 2891 607 2987; x_wconf 90' lang='lat' dir='ltr'>malos,</span> <span class='ocrx_word' id='word_1_85' title='bbox 636 2892 676 2965; x_wconf 86' lang='lat' dir='ltr'>et</span> <span class='ocrx_word' id='word_1_86' title='bbox 702 2886 938 2991; x_wconf 90' lang='lat' dir='ltr'>perniciosos</span> <span class='ocrx_word' id='word_1_87' title='bbox 968 2885 1071 2963; x_wconf 89' lang='lat' dir='ltr'>cives</span> <span class='ocrx_word' id='word_1_88' title='bbox 1100 2890 1352 2988; x_wconf 86' lang='lat' dir='ltr'>putaverunt.</span> <span class='ocrx_word' id='word_1_89' title='bbox 1384 2886 1438 2963; x_wconf 79' lang='lat' dir='ltr'>At</span> 
     </span>
     <span class='ocr_line' id='line_1_16' title="bbox 423 3028 1437 3135; baseline -0.007 -24"><span class='ocrx_word' id='word_1_90' title='bbox 423 3102 427 3111; x_wconf 93' lang='lat'>.</span> <span class='ocrx_word' id='word_1_91' title='bbox 461 3055 551 3108; x_wconf 89' lang='lat' dir='ltr'>vero</span> <span class='ocrx_word' id='word_1_92' title='bbox 574 3029 642 3135; x_wconf 94' lang='lat' dir='ltr'>qui</span> <span class='ocrx_word' id='word_1_93' title='bbox 662 3055 796 3108; x_wconf 89' lang='lat' dir='ltr'>eorum</span> <span class='ocrx_word' id='word_1_94' title='bbox 816 3028 985 3132; x_wconf 89' lang='lat' dir='ltr'>impetus</span> <span class='ocrx_word' id='word_1_95' title='bbox 1008 3030 1048 3105; x_wconf 89' lang='lat' dir='ltr'>et</span> <span class='ocrx_word' id='word_1_96' title='bbox 1066 3030 1229 3105; x_wconf 83' lang='lat' dir='ltr'>conatus</span> <span class='ocrx_word' id='word_1_97' title='bbox 1249 3051 1437 3130; x_wconf 75' lang='lat' dir='ltr'>represso</span> 
     </span>
     <span class='ocr_line' id='line_1_17' title="bbox 461 3168 1436 3275; baseline -0.003 -26"><span class='ocrx_word' id='word_1_98' title='bbox 461 3175 575 3268; x_wconf 88' lang='lat' dir='ltr'>runt,</span> <span class='ocrx_word' id='word_1_99' title='bbox 598 3171 665 3275; x_wconf 92' lang='lat' dir='ltr'>qui</span> <span class='ocrx_word' id='word_1_100' title='bbox 684 3170 933 3266; x_wconf 87' lang='lat' dir='ltr'>auctoritate,</span> <span class='ocrx_word' id='word_1_101' title='bbox 956 3168 1023 3273; x_wconf 94' lang='lat' dir='ltr'>qui</span> <span class='ocrx_word' id='word_1_102' title='bbox 1044 3169 1132 3265; x_wconf 88' lang='lat' dir='ltr'>fide,</span> <span class='ocrx_word' id='word_1_103' title='bbox 1154 3168 1222 3272; x_wconf 94' lang='lat' dir='ltr'>qui</span> <span class='ocrx_word' id='word_1_104' title='bbox 1242 3168 1395 3272; x_wconf 87' lang='lat' dir='ltr'>magnit</span> <span class='ocrx_word' id='word_1_105' title='bbox 1423 3213 1436 3226; x_wconf 96' lang='lat'>·</span> 
     </span>
     <span class='ocr_line' id='line_1_18' title="bbox 460 3303 1433 3402; baseline 0 -19"><span class='ocrx_word' id='word_1_106' title='bbox 460 3307 551 3385; x_wconf 91' lang='lat' dir='ltr'>dine</span> <span class='ocrx_word' id='word_1_107' title='bbox 576 3305 719 3402; x_wconf 84' lang='lat' dir='ltr'>animi,</span> <span class='ocrx_word' id='word_1_108' title='bbox 742 3304 919 3382; x_wconf 89' lang='lat' dir='ltr'>consiliis</span> <span class='ocrx_word' id='word_1_109' title='bbox 940 3303 1154 3383; x_wconf 56' lang='lat' dir='ltr'>‘audacium</span> <span class='ocrx_word' id='word_1_110' title='bbox 1181 3303 1433 3402; x_wconf 83' lang='lat' dir='ltr'>restiterunt,</span> 
     </span>
     <span class='ocr_line' id='line_1_19' title="bbox 461 3427 1432 3551; baseline -0.003 -28"><span class='ocrx_word' id='word_1_111' title='bbox 461 3448 489 3527; x_wconf 94' lang='lat' dir='ltr'>ii</span> <span class='ocrx_word' id='word_1_112' title='bbox 509 3427 727 3551; x_wconf 84' lang='lat' dir='ltr'>principes,</span> <span class='ocrx_word' id='word_1_113' title='bbox 746 3446 774 3522; x_wconf 96' lang='lat' dir='ltr'>ii</span> <span class='ocrx_word' id='word_1_114' title='bbox 794 3446 932 3543; x_wconf 73' lang='lat' dir='ltr'>duceS,</span> <span class='ocrx_word' id='word_1_115' title='bbox 953 3445 983 3524; x_wconf 93' lang='lat' dir='ltr'>ii</span> <span class='ocrx_word' id='word_1_116' title='bbox 1003 3443 1176 3522; x_wconf 88' lang='lat' dir='ltr'>civitatis</span> <span class='ocrx_word' id='word_1_117' title='bbox 1196 3447 1373 3522; x_wconf 74' lang='lat' dir='ltr'>auctores</span> <span class='ocrx_word' id='word_1_118' title='bbox 1393 3447 1432 3521; x_wconf 87' lang='lat' dir='ltr'>et</span> 
     </span>
     <span class='ocr_line' id='line_1_20' title="bbox 460 3587 1433 3687; baseline -0.003 -19"><span class='ocrx_word' id='word_1_119' title='bbox 460 3590 679 3668; x_wconf 89' lang='lat' dir='ltr'>defensores</span> <span class='ocrx_word' id='word_1_120' title='bbox 705 3589 829 3667; x_wconf 88' lang='lat' dir='ltr'>habiti</span> <span class='ocrx_word' id='word_1_121' title='bbox 854 3593 968 3687; x_wconf 89' lang='lat' dir='ltr'>sunt,</span> <span class='ocrx_word' id='word_1_122' title='bbox 991 3589 1020 3665; x_wconf 94' lang='lat' dir='ltr'>ii</span> <span class='ocrx_word' id='word_1_123' title='bbox 1043 3613 1176 3667; x_wconf 85' lang='lat' dir='ltr'>veram</span> <span class='ocrx_word' id='word_1_124' title='bbox 1202 3592 1241 3666; x_wconf 90' lang='lat' dir='ltr'>et</span> <span class='ocrx_word' id='word_1_125' title='bbox 1264 3587 1433 3666; x_wconf 91' lang='lat' dir='ltr'>immor-</span> 
     </span>
     <span class='ocr_line' id='line_1_21' title="bbox 459 3728 1216 3832; baseline 0 -25"><span class='ocrx_word' id='word_1_126' title='bbox 459 3730 578 3807; x_wconf 85' lang='lat' dir='ltr'>talem</span> <span class='ocrx_word' id='word_1_127' title='bbox 598 3728 764 3831; x_wconf 83' lang='lat' dir='ltr'>gloriam</span> <span class='ocrx_word' id='word_1_128' title='bbox 784 3728 856 3806; x_wconf 92' lang='lat' dir='ltr'>sibi</span> <span class='ocrx_word' id='word_1_129' title='bbox 877 3731 1216 3832; x_wconf 85' lang='lat' dir='ltr'>comparaverunt.</span> 
     </span>
    </p>

    <p class='ocr_par' dir='ltr' id='par_1_3' title="bbox 457 3865 1434 4392">
     <span class='ocr_line' id='line_1_22' title="bbox 514 3865 1433 3974; baseline -0.004 -28"><span class='ocrx_word' id='word_1_130' title='bbox 514 3903 533 3936; x_wconf 69' lang='lat' dir='ltr'>a</span> <span class='ocrx_word' id='word_1_131' title='bbox 556 3871 613 3946; x_wconf 85' lang='lat' dir='ltr'>Ea</span> <span class='ocrx_word' id='word_1_132' title='bbox 641 3868 764 3972; x_wconf 87' lang='lat' dir='ltr'>igitur</span> <span class='ocrx_word' id='word_1_133' title='bbox 791 3865 1026 3974; x_wconf 51' lang='lat' dir='ltr'>laudum1et</span> <span class='ocrx_word' id='word_1_134' title='bbox 1053 3868 1166 3946; x_wconf 86' lang='lat' dir='ltr'>famae</span> <span class='ocrx_word' id='word_1_135' title='bbox 1195 3865 1352 3970; x_wconf 90' lang='lat' dir='ltr'>cupido,</span> <span class='ocrx_word' id='word_1_136' title='bbox 1388 3892 1433 3943; x_wconf 84' lang='lat' dir='ltr'>ea</span> 
     </span>
     <span class='ocr_line' id='line_1_23' title="bbox 459 4007 1434 4113; baseline -0.002 -28"><span class='ocrx_word' id='word_1_137' title='bbox 459 4008 580 4087; x_wconf 92' lang='lat' dir='ltr'>animi</span> <span class='ocrx_word' id='word_1_138' title='bbox 606 4009 724 4087; x_wconf 87' lang='lat' dir='ltr'>elatio</span> <span class='ocrx_word' id='word_1_139' title='bbox 749 4009 899 4113; x_wconf 91' lang='lat' dir='ltr'>quaein</span> <span class='ocrx_word' id='word_1_140' title='bbox 929 4009 1145 4108; x_wconf 87' lang='lat' dir='ltr'>laboribus,</span> <span class='ocrx_word' id='word_1_141' title='bbox 1172 4008 1214 4088; x_wconf 91' lang='lat' dir='ltr'>in</span> <span class='ocrx_word' id='word_1_142' title='bbox 1246 4007 1434 4113; x_wconf 87' lang='lat' dir='ltr'>periculis</span> 
     </span>
     <span class='ocr_line' id='line_1_24' title="bbox 457 4149 1433 4254; baseline -0.002 -28"><span class='ocrx_word' id='word_1_143' title='bbox 457 4149 712 4252; x_wconf 81' lang='lat' dir='ltr'>expromitur,</span> <span class='ocrx_word' id='word_1_144' title='bbox 736 4150 769 4227; x_wconf 92' lang='lat' dir='ltr'>si</span> <span class='ocrx_word' id='word_1_145' title='bbox 785 4150 945 4252; x_wconf 87' lang='lat' dir='ltr'>justitia</span> <span class='ocrx_word' id='word_1_146' title='bbox 966 4155 1096 4248; x_wconf 87' lang='lat' dir='ltr'>vacat,</span> <span class='ocrx_word' id='word_1_147' title='bbox 1115 4152 1341 4254; x_wconf 86' lang='lat' dir='ltr'>pugnatque</span> <span class='ocrx_word' id='word_1_148' title='bbox 1356 4173 1433 4226; x_wconf 92' lang='lat' dir='ltr'>non</span> 
     </span>
     <span class='ocr_line' id='line_1_25' title="bbox 459 4288 1431 4392; baseline 0.001 -28"><span class='ocrx_word' id='word_1_149' title='bbox 459 4312 527 4390; x_wconf 90' lang='lat' dir='ltr'>pro</span> <span class='ocrx_word' id='word_1_150' title='bbox 547 4290 673 4367; x_wconf 89' lang='lat' dir='ltr'>salute</span> <span class='ocrx_word' id='word_1_151' title='bbox 692 4290 909 4387; x_wconf 88' lang='lat' dir='ltr'>communi,</span> <span class='ocrx_word' id='word_1_152' title='bbox 929 4291 993 4367; x_wconf 89' lang='lat' dir='ltr'>sed</span> <span class='ocrx_word' id='word_1_153' title='bbox 1015 4315 1082 4392; x_wconf 93' lang='lat' dir='ltr'>pro</span> <span class='ocrx_word' id='word_1_154' title='bbox 1102 4289 1185 4367; x_wconf 90' lang='lat' dir='ltr'>suis</span> <span class='ocrx_word' id='word_1_155' title='bbox 1205 4288 1431 4385; x_wconf 88' lang='lat' dir='ltr'>commodis,</span> 
     </span>
    </p>
   </div>
   <div class='ocr_carea' id='block_1_3' title="bbox 0 0 1830 5542">
    <p class='ocr_par' dir='ltr' id='par_1_4' title="bbox 0 0 1830 5542">
     <span class='ocr_line' id='line_1_26' title="bbox 0 0 1830 5542; baseline 0 1"><span class='ocrx_word' id='word_1_156' title='bbox 0 0 1830 5542; x_wconf 95' lang='lat' dir='ltr'> </span> 
     </span>
    </p>
   </div>
  </div>
 </body>
</html>
