3650 5542
863 850 1064 915 ..40-

401 1063 403 1067 ⁴
476 1047 654 1151 quaedam
679 1048 719 1122 et
742 1044 896 1121 excelsa
930 1040 1114 1131 continuo
1146 1064 1278 1117 seeum
1305 1037 1450 1133 volvit,

476 1190 515 1263 et-
534 1184 762 1279 meditatur,

635 1469 699 1534 Nee
712 1470 844 1552 placida
857 1474 1009 1531 0011101110
1021 1469 1125 1547 quiete
1139 1473 1194 1531 est.
1308 1524 1309 1527 ,

519 1807 536 1839 a
550 1775 601 1849 Et
610 1796 733 1875 quum
744 1797 784 1847 se
794 1771 836 1847 in
848 1796 920 1846 sua
935 1773 1040 1846 certa
1049 1770 1087 1846 et
1099 1766 1254 1871 propria
1270 1767 1358 1845 sede
1374 1790 1453 1844 non

478 1912 645 2008 sentiat,
670 1911 820 2015 aliquid
846 1936 997 2013 semper
1018 1912 1125 2013 optat
1147 1914 1185 1986 et
1208 1907 1386 2005 molitur,
1408 1910 1454 1983 ut

475 2052 596 2130 latius
629 2051 807 2154 evagari,
839 2054 878 2127 et
910 2038 1081 2152 eorporis
1111 2047 1224 2153 quasi
1259 2071 1453 2124 carcerem

477 2194 702 2297 effringere,
730 2162 816 2271 tum
839 2192 996 2269 demum
1023 2190 1250 2293 ampliorem
1279 2213 1391 2266 suam
1415 2193 1454 2266 et

478 2334 659 2411 altiorem
679 2335 862 2410 naturam
882 2331 1032 2409 efficere
1051 2329 1187 2434 possit.

535 2510 554 2541 κ
577 2475 728 2577 Itaque,
752 2497 875 2576 quum
900 2472 982 2549 sint
1003 2470 1180 2548 homines
1201 2470 1275 2548 hae
1294 2471 1378 2574 lege
1393 2494 1453 2573 ge·

480 2614 608 2693 nerati
629 2618 675 2691 ut
694 2613 736 2689 in
754 2615 924 2715 angusto
945 2611 1089 2717 spatio,
1108 2614 1154 2687 ut
1173 2610 1214 2687 111
1233 2611 1342 2688 brevi
1361 2614 1463 2687 tem·-

477 2779 587 2859 pore,
618 2754 835 2833 breviorem
862 2754 986 2831 vitam
1016 2755 1154 2856 agant,
1186 2752 1290 2829 omni
1320 2777 1390 2855 ope
1416 2758 1455 2831 et

392 2929 394 2932 ·
479 2920 594 2997 opera
614 2894 771 2971 assidue
791 2898 986 2971 conantur
1001 2897 1047 2969 ut
1062 2892 1136 2969 sibi
1160 2892 1192 2967 si
1212 2916 1290 2968 11011
1314 2892 1452 2991 vitam,

480 3036 594 3136 eujus
622 3032 719 3110 certi
746 3036 841 3109 sunt
865 3032 1047 3129 termini,
1070 3036 1111 3109 at
1136 3035 1238 3109 certe
1260 3032 1353 3110 vitae
1373 3059 1455 3111 suae

480 3175 709 3253 memoriam
728 3174 989 3251 immortalem
1008 3173 1167 3250 faciant.

533 3350 552 3383 „
575 3316 671 3402 Quae
690 3314 846 3420 quidem
870 3313 1009 3417 cupido
1030 3314 1125 3390 siin
1146 3314 1282 3391 multis
1307 3320 1377 3393 aut
1396 3316 1454 3394 ti-

477 3455 619 3553 midis,
651 3461 721 3534 aut
756 3455 966 3552 mollibus,
999 3458 1068 3531 aut
1096 3452 1247 3531 levibus
1282 3454 1453 3558 ingeniis

477 3596 719 3700 languescit,
743 3624 843 3701 saepe
867 3596 986 3674 etiam
1010 3595 1295 3698 exstinguitur,
1322 3596 1454 3674 eadem

478 3741 614 3816 eontra
641 3738 683 3815 in
710 3738 759 3815 iis
787 3742 972 3841 perpetuo
1006 3737 1147 3815 ereseit
1173 3741 1212 3814 et
1237 3737 1455 3839 adaugetur

476 3877 544 3981 qui
563 3877 658 3982 quid
678 3878 731 3955 sit
749 3880 874 3976 Deua,
893 3904 980 3983 quae
1001 3877 1054 3955 sit
1073 3880 1217 3955 natura
1235 3880 1275 3955 et
1292 3876 1352 3955 vis
1373 3878 1454 3954 ani·

477 4044 646 4118 marum,
668 4046 744 4124 quo
763 4020 858 4124 ipsae
877 4021 984 4099 ultro
1003 4022 1160 4098 tendere
1175 4021 1351 4117 debeant,
1370 4046 1453 4123 eog-

477 4162 674 4236 noverunt
706 4159 877 4262 optime,
915 4164 953 4237 et
992 4186 1123 4237 seeum
1164 4159 1232 4236 diu
1276 4160 1452 4237 meditati

476 4301 583 4375 sunt.
