3650 5542
291 4664 355 5041 ξεῖ-’434
336 4601 339 4611 -

1747 857 2146 921 -76-

976 1042 1300 1140 vivunt,
1355 1046 1595 1148 hujus
1660 1048 1896 1125 etiam
1955 1048 2362 1150 splendore
2422 1049 2911 1150 splendeant.

1088 1215 1126 1248 „
1171 1181 1342 1260 Scio
1381 1187 1751 1288 quosdam
1792 1189 2075 1266 stultos
2115 1193 2193 1266 et
2224 1190 2624 1293 imperitos
2649 1189 2743 1266 de
2770 1189 2919 1267 hac

979 1349 1156 1400 vere
1202 1327 1711 1429 sapientium,
1756 1355 1936 1407 vere
1984 1335 2433 1408 sanctorum
2472 1331 2725 1433 gloria
2761 1331 2922 1407 du—

979 1464 1227 1543 bitare
1270 1494 1371 1547 an
1424 1470 1527 1549 sit
1575 1471 1897 1576 aliquid.
1945 1472 2297 1551 Gloriam
2336 1472 2548 1549 enim
2596 1472 2730 1551 isti
2772 1499 2925 1550 cu-

982 1606 1246 1708 piunt,
1298 1637 1471 1714 quae
1527 1615 1892 1693 mortales
1949 1614 2433 1717 perstringat
2483 1614 2787 1711 oculoS‚
2849 1620 2928 1692 et

985 1773 1260 1827 sensus
1308 1752 1646 1854 hebetet,
1691 1783 1845 1834 non
1894 1782 2066 1861 quae
2115 1756 2459 1833 animam
2508 1757 2927 1835 immorta-

984 1891 1136 1969 lem
1207 1894 1526 2000 impleat
1564 1898 2149 2001 magnitudine,
2207 1899 2615 1976 dulcedine
2663 1900 2919 2001 juvet.

987 2035 1398 2117 Hominem
1435 2042 1645 2119 enim
1686 2042 1767 2118 in
1800 2041 2114 2119 homine
2153 2042 2405 2119 solum
2446 2041 2923 2144 respiciunt,

988 2204 1228 2283 quum
1268 2183 1478 2261 Deus
1518 2184 1599 2260 in
1640 2183 1996 2261 omnibus
2038 2183 2184 2280 sit,
2228 2189 2306 2259 et
2345 2182 2516 2259 sine
2553 2180 2691 2257 illo
2723 2179 2928 2256 nihil

989 2346 1401 2423 magnum,
1444 2325 1646 2402 nihil
1687 2324 2167 2427 conspicium
2206 2350 2374 2402 esse
2411 2322 2686 2426 possit.
2732 2324 2931 2408 Quo·

991 2490 1166 2543 rum
1205 2493 1419 2545 error
1457 2467 1651 2544 mihi
1692 2467 1999 2573 quidem
2038 2466 2351 2544 videtur
2390 2465 2858 2544 insanabilis
2905 2490 2921 2543 :

990 2606 1250 2686 oculos
1304 2608 1511 2686 enim
1551 2609 1837 2686 habent
1863 2668 1882 2704 ‚
1926 2611 2003 2685 et
2041 2633 2195 2684 non
2235 2605 2541 2703 vident,
2585 2630 2817 2683 aures
2856 2612 2934 2681 et

993 2776 1146 2827 non
1216 2750 1582 2844 audiunt3
1658 2750 1798 2828 Dei
1867 2749 2287 2852 imaginem
2312 2811 2330 2846 ‚
2403 2748 2544 2826 Dei
2602 2747 2932 2851 gloriam

995 2894 1207 2975 intra
1244 2922 1325 2974 se
1365 2896 1630 2972 ferunt
1664 2900 1741 2973 et
1778 2920 1933 2971 non
1974 2897 2439 2995 agnoscunt.

1102 3072 1139 3106 υ
1182 3038 1402 3113 Tunc
1437 3035 1745 3112 demum
1782 3034 2192 3112 dicendum
2222 3037 2428 3111 esset
2453 3059 2686 3137 quam
2726 3033 2936 3110 viam

995 3178 1345 3285 ingredi,
1418 3175 1698 3279 quibus
1768 3176 2173 3279 praeceptis
2241 3175 2536 3254 muniri
2612 3176 2946 3254 debeant

995 3324 1128 3428 qui
1192 3319 1605 3425 perfectam
1670 3318 2000 3421 gloriam
2067 3321 2453 3395 conantur
2513 3317 2932 3421 possidere.

994 3464 1238 3544 Pauci
1296 3460 1503 3539 enim
1551 3465 1740 3539 sunt
1788 3460 1922 3565 qui
1976 3460 2058 3537 in
2107 3461 2326 3537 tanto
2370 3464 2449 3537 et
2487 3463 2647 3537 tam
2698 3460 2942 3537 arduo

996 3609 1257 3688 labore
1294 3604 1781 3682 duraverunt
1814 3606 1894 3679 et
1932 3626 2123 3706 quos

1325 3940 1444 3958 .....
1474 3890 1710 3955 amdam
1735 3892 1943 3954 eveoeit
1969 3890 2059 3953 ad
2083 3890 2319 3953 aethera
2344 3892 2574 3954 virtus,

1112 4215 1148 4249 „
1194 4174 1466 4259 Gloria
1519 4172 1964 4275 imperfecta
2016 4171 2306 4249 dicitur
2361 4196 2534 4275 quae
2585 4171 2948 4275 imperfec

1003 4329 1085 4406 ta
1114 4322 1404 4409 nititur
1424 4317 1744 4411 virtute,
1775 4341 1948 4431 quae
1978 4339 2304 4400 summae
2331 4312 2472 4391 Dei
2517 4312 2788 4415 gloriae
2822 4325 2947 4427 pa«
