3650 5542
945 912 983 978 52
1023 948 1063 962 ..

476 1132 587 1182 suam
620 1107 666 1183 de
699 1108 844 1208 gloria,
879 1110 927 1184 de
959 1107 1102 1205 officio,
1137 1110 1183 1187 de
1216 1110 1448 1208 honoribus,

475 1250 709 1326 sententiam
728 1255 774 1326 ut
798 1250 982 1345 breviter,
1006 1250 1062 1326 ita
1084 1228 1254 1326 diluoide
1276 1250 1446 1353 exponit.

473 1391 549 1476 Qui
569 1392 693 1490 enim,
715 1393 936 1495 posthabito
955 1390 1098 1489 officio,
1126 1392 1291 1469 honores
1317 1397 1356 1468 et
1373 1393 1450 1494 glo-

473 1534 573 1611 riam
592 1536 704 1613 avide
718 1541 846 1639 optat,
865 1540 903 1614 et
918 1561 1019 1613 ooeoo
1039 1536 1289 1639 prosequitur
1303 1560 1447 1632 amore,

475 1677 541 1755 ille
575 1679 740 1756 honores
774 1680 906 1755 forsan
934 1677 1047 1755 etad
1075 1682 1252 1780 tempuS,
1284 1676 1450 1780 gloriam

472 1819 627 1921 quidem
655 1846 726 1898 neo
752 1845 885 1897 veram
908 1845 979 1897 neo
1007 1820 1283 1922 sempiternam
1309 1813 1451 1921 poterit

471 1961 658 2041 obtinere.
681 1964 840 2039 Marcus
855 1960 1012 2039 Tullius
1028 1964 1163 2038 eontra
1177 1960 1280 2037 inter
1294 1985 1377 2057 eoa,
1395 1959 1451 2064 (et

472 2104 515 2179 hi
543 2104 717 2207 quidem,
744 2108 790 2182 ut
818 2104 900 2207 ipse
928 2104 1088 2201 fatetur,
1114 2104 1228 2209 pauci
1247 2103 1445 2211 fuerunt),

472 2248 738 2324 numerandus
771 2250 832 2324 est
867 2247 936 2350 qui
967 2246 1132 2349 gloriam
1167 2244 1242 2322 etsi
1269 2248 1449 2346 optarent

472 2388 739 2486 vehementer,
772 2385 897 2465 officio
932 2392 1063 2465 tamen
1097 2412 1247 2491 semper
1282 2389 1448 2489 antepo-

472 2535 658 2627 suerunt,
686 2535 757 2607 aut
779 2530 909 2633 potius
935 2530 1012 2608 rati
1038 2535 1132 2608 sunt
1151 2528 1336 2633 gloriam,
1361 2554 1448 2631 quae

471 2676 581 2750 tanto
600 2674 757 2751 nomine
776 2673 874 2751 foret
892 2674 1026 2776 digna,
1049 2700 1135 2778 quae
1155 2698 1358 2777 nunquam
1379 2672 1448 2748 in-

470 2816 639 2892 teritura
658 2820 781 2915 esset,
803 2816 882 2894 nisi
901 2816 1049 2893 virtute
1069 2815 1249 2911 colenda,
1272 2814 1350 2891 nisi
1369 2812 1447 2891 offi-

471 2952 529 3030 cio
548 2955 813 3059 exsequendo,
836 2980 1012 3059 unquam
1031 2981 1141 3060 posse
1161 2956 1390 3061 comparari.

524 3094 628 3173 Illud
647 3096 753 3174 enim
779 3100 870 3176 ante
893 3098 1026 3176 omnia
1048 3098 1090 3176 in
1115 3101 1170 3177 M.
1196 3098 1327 3177 Tullio
1353 3099 1446 3176 ani-

471 3236 794 3315 madvertendum
822 3243 861 3317 et
883 3240 1066 3319 maximis
1094 3239 1330 3320 efferendum
1353 3241 1447 3318 lau-

470 3378 599 3477 dibus,
622 3380 723 3484 quod
735 3405 940 3485 nunquam
956 3381 1092 3485 gloriae
1107 3407 1277 3460 amorem
1298 3407 1448 3484 separa·

469 3520 572 3597 verit
590 3523 785 3624 ajustiet
804 3523 897 3601 recti
920 3548 1069 3620 amore,
1091 3522 1290 3625 solamque
1312 3520 1447 3599 virtu-

470 3667 569 3759 tem,
592 3662 677 3740 sine
696 3665 780 3742 ulla
799 3664 1004 3742 hominum
1024 3666 1215 3762 mercede,
1237 3666 1392 3767 propter
1407 3690 1448 3741 se

470 3806 596 3907 ipsam
614 3809 884 3911 expetendam,
907 3833 1057 3913 semper
1078 3808 1346 3885 declaraverit.
1366 3809 1447 3885 Hu-

465 3948 533 4049 jus
553 3950 677 4048 enim,
700 3954 746 4029 ut
764 3950 891 4029 multa
910 3950 1153 4047 omittamus,
1171 3976 1216 4026 ea
1231 3953 1325 4027 sunt
1343 3972 1447 4049 egre·

468 4091 534 4193 gia
560 4093 712 4170 verba:
743 4128 762 4161 ιι
793 4091 946 4171 Sufficit
970 4093 1018 4169 ad
1044 4092 1210 4194 gloriam
1233 4094 1327 4169 bene
1353 4089 1445 4167 faeti

468 4234 740 4315 conscientia¹.
763 4269 782 4303 a
800 4238 852 4314 Et
865 4260 988 4339 quum
1007 4234 1055 4312 ad
1069 4235 1246 4313 Atticum
1261 4230 1446 4310 scriberet

505 4473 512 4506 ¹
529 4473 684 4543 Fragment.
700 4474 829 4530 Hortens.
