3650 5542
760 880 958 944 -27..

375 1071 510 1148 dendis
549 1076 587 1149 et
619 1075 832 1148 ceterorum
869 1070 1025 1171 opibus,
1062 1070 1336 1164 facultatibus,

375 1212 555 1289 laudibus
571 1210 854 1312 amplificandis
874 1235 915 1286 se
934 1212 980 1286 ab
1000 1210 1159 1288 ineunte
1187 1209 1342 1286 adoles-

375 1353 503 1429 centia
521 1352 626 1428 ultro
644 1349 803 1428 dederit.

362 1480 368 1487 ⁶
426 1490 501 1575 Qui
529 1492 669 1566 Nostro
696 1515 838 1565 vanam
866 1494 905 1566 et
930 1492 1121 1568 tumidam
1149 1495 1340 1586 mentem,

374 1629 503 1706 inanis
536 1629 670 1731 gloriae
699 1654 868 1706 amorem
900 1630 997 1708 vitio
1029 1636 1210 1730 vertunt,
1242 1632 1342 1736 quod

374 1771 483 1847 modo
506 1777 653 1874 aperte,
676 1772 786 1847 modo
808 1771 1105 1848 dissimulanter
1128 1771 1175 1846 de
1199 1796 1239 1847 se
1258 1770 1341 1873 ipso

374 1913 458 1989 sine
484 1914 560 1989 fine
582 1912 747 2007 dixerit,
770 1912 871 2014 quod
898 1911 1037 1987 suain
1062 1910 1342 2012 rempublicam

372 2052 511 2128 merita
529 2052 685 2128 assidue
700 2053 928 2154 jactaverit,
947 2059 998 2151 et,
1021 2052 1252 2131 clarissimis
1274 2077 1342 2128 sae·

372 2217 418 2293 pe
436 2192 533 2268 viris
553 2192 818 2289 adstantibus,
841 2195 1036 2297 propriam
1060 2194 1225 2296 gloriam
1245 2196 1341 2269 tan-

372 2332 424 2408 tis
452 2331 632 2408 laudibus
652 2333 861 2430 extulerit,
885 2334 926 2409 hi
950 2334 1105 2437 quidem
1130 2332 1239 2409 nobis
1262 2356 1339 2407 non

371 2474 496 2552 dioam
515 2476 728 2578 plurimoS,
752 2477 817 2552 sed
838 2501 962 2551 unum
982 2476 1092 2552 modo
1113 2475 1153 2550 in
1174 2472 1339 2575 republi-

373 2638 417 2688 oa
440 2613 751 2690 administranda
776 2619 976 2691 versatum
1003 2620 1195 2693 oratorem
1223 2615 1342 2692 exhi-

371 2758 509 2851 beant,
536 2755 602 2859 qui
631 2756 677 2831 de
703 2780 743 2830 se
769 2777 846 2829 non
874 2751 1040 2854 saepiuS,
1062 2778 1145 2837 non
1169 2777 1337 2854 magna,

373 2924 449 2976 non
479 2900 603 2976 nimia
630 2894 925 2990 memoraverit,
957 2893 1024 2996 qui
1052 2892 1340 2970 benefactorum

372 3063 532 3114 suorum
552 3039 706 3115 laudem
724 3038 787 3114 vel
806 3035 986 3139 deprimi,
1009 3035 1070 3112 vel
1091 3036 1342 3137 languescere

369 3175 577 3285 aliquando
595 3208 734 3285 passus
753 3181 884 3259 fuerit.
911 3179 1032 3256 Iidem
1054 3176 1095 3252 in
1115 3176 1340 3253 memoriam

371 3324 550 3397 revocent
570 3322 670 3397 hano
686 3321 787 3422 apud
806 3322 1003 3398 Romanos
1019 3320 1339 3395 consuetudinem

370 3461 536 3538 inomni
561 3467 730 3564 tempore
748 3461 941 3559 valuisse,
964 3465 1009 3537 ut
1028 3460 1238 3537 clarissimi
1265 3487 1339 3563 pa-

369 3600 474 3676 troni
497 3600 599 3702 apud
620 3598 772 3701 judices
797 3624 963 3704 quorum
989 3600 1220 3702 dignitatem
1244 3626 1340 3703 pro-

368 3740 454 3843 pria
477 3741 668 3843 dignitate
692 3747 762 3820 aut
785 3746 1011 3846 aequabant,
1034 3747 1104 3819 aut
1126 3743 1244 3819 etiam
1265 3769 1339 3819 su-

368 3882 572 3981 perabant,
599 3882 644 3958 de
670 3908 742 3958 sua
765 3884 916 3985 gratia,
939 3885 984 3960 de
1010 3909 1081 3961 sua
1105 3883 1337 3961 auctoritate

368 4020 453 4097 sine
480 4022 563 4098 ulla
590 4023 825 4099 verecundia
858 4024 1124 4128 loquerentur,
1156 4024 1266 4100 modo
1299 4022 1338 4099 id

364 4161 412 4236 ad
432 4186 590 4237 eausam
611 4162 745 4265 aliqua
764 4189 812 4239 ex
831 4167 941 4266 parte
959 4164 1192 4267 pertineret,
1216 4168 1254 4240 et
1273 4188 1337 4239 reo

366 4304 426 4379 111
452 4302 585 4379 olienti
612 4304 810 4382 videretur
834 4305 1098 4406 profuturum.
1126 4304 1212 4389 Qua
1239 4329 1337 4380 oon-
