3650 5542
792 824 971 886 ,7.-

389 1021 543 1115 debeat,
561 1021 600 1094 et
616 1017 698 1119 ipse
712 1016 860 1112 diseat,
878 1018 917 1092 et
936 1018 1083 1093 eeteros
1098 1014 1250 1111 doceat,
1269 1016 1367 1092 mul·

389 1169 475 1246 turn
495 1159 684 1264 posteris,
707 1157 877 1235 multum
902 1157 1021 1235 etiam
1049 1182 1130 1235 suae
1155 1156 1283 1235 aetatis
1303 1159 1367 1234 ho·

389 1300 562 1378 minibus
599 1301 844 1403 profuturus.
880 1299 1001 1376 Nobis
1033 1325 1125 1376 voro
1160 1301 1257 1379 satis
1291 1302 1367 1381 erit

389 1472 486 1551 opus
506 1443 665 1548 aggredi
685 1442 748 1520 oui
765 1442 922 1545 quidem
949 1442 1124 1539 ferendo,
1148 1442 1222 1525 etsi
1237 1443 1365 1521 levius

388 1593 582 1691 videatur,
597 1593 701 1670 haud
719 1592 798 1670 soio
813 1618 862 1670 an
879 1618 991 1695 pares
1008 1593 1131 1669 nostri
1146 1593 1272 1671 futuri
1286 1594 1368 1673 sint

388 1735 557 1813 humeri.
576 1735 689 1810 Hane
708 1734 813 1812 enim
833 1735 1073 1811 uberrimam
1094 1736 1213 1814 simul
1233 1743 1272 1815 et
1296 1738 1366 1817 dif-
1414 1752 1416 1757 ’

388 1877 605 1957 fioillimam
620 1877 666 1953 de
681 1876 807 1979 gloria
821 1878 1078 1980 quaestionem
1098 1878 1187 1955 aliis
1207 1878 1364 1981 penitus

388 2023 635 2101 tractandam
674 2021 966 2123 relinquentes,
1003 2025 1160 2097 tanturn
1192 2019 1286 2123 quid
1320 2019 1366 2095 de

388 2167 563 2269 ejusdem
593 2169 758 2260 natura,
787 2163 846 2259 vi,
878 2162 1095 2259 fructibuS,
1129 2164 1184 2241 M.
1207 2162 1365 2239 Tullius

387 2304 521 2382 Cicero
542 2303 727 2401 senserit,
746 2329 936 2407 exponere
956 2304 1209 2383 tentabimus.
1229 2303 1365 2407 Operae

387 2446 515 2543 enim,
538 2446 572 2522 si
596 2472 675 2523 non
699 2446 890 2544 fallimur,
914 2446 1085 2549 pretium
1109 2450 1169 2525 ost
1195 2472 1365 2550 cognos-

387 2613 472 2665 oere
491 2587 650 2690 quidde
668 2587 796 2689 gloria
815 2587 1048 2690 cogitaverit
1066 2588 1128 2664 vir
1148 2587 1252 2667 inter
1266 2591 1366 2665 vete·

388 2757 449 2808 res
468 2730 586 2836 (quod
606 2730 755 2807 nemini
774 2734 844 2807 aut
862 2729 1070 2807 admodum
1090 2728 1225 2831 paucis
1246 2729 1365 2806 eonti-

386 2871 460 2977 gu)
481 2877 566 2950 tum
585 2872 628 2950 in
648 2872 847 2975 republica
865 2872 1198 2971 administranda,
1217 2877 1301 2951 turn
1323 2874 1363 2950 in

386 3015 630 3119 eloquentia,
667 3019 706 3091 et
734 3013 983 3117 philosophia
1015 3012 1175 3090 colenda
1208 3011 1365 3089 assidue

386 3163 586 3252 versatus,
611 3158 666 3234 ita
685 3160 731 3233 ut
748 3157 843 3233 durn
863 3156 1021 3257 gloriae,
1040 3154 1253 3232 multorum
1273 3151 1364 3229 alio·

387 3325 476 3377 rum
500 3301 642 3397 instar,
664 3298 787 3375 insita
809 3297 992 3401 cupidine
1019 3298 1223 3399 flagraret,
1249 3294 1365 3397 quale

385 3447 488 3521 esset
515 3442 553 3519 id
577 3441 678 3546 quod
697 3442 872 3543 optabat,
899 3440 1041 3518 melius
1063 3464 1181 3543 quarn
1200 3464 1247 3515 ex
1273 3437 1363 3514 aliis

385 3584 566 3689 quilibet,
581 3583 802 3661 discernere
818 3583 990 3685 potuerit
1003 3587 1042 3659 et
1053 3581 1283 3685 dijudicare.
1300 3582 1364 3657 Me

381 3730 499 3830 juvat
535 3726 675 3822 etiam,
708 3725 869 3822 fatebor,
906 3722 1102 3801 memoriae
1139 3722 1216 3799 viri
1249 3747 1364 3825 quem

385 3866 487 3944 tanti
513 3866 631 3963 facio,
663 3868 725 3944 vel
758 3867 970 3969 exiguum,
1002 3892 1071 3969 pro
1096 3865 1204 3943 virili
1232 3871 1361 3969 parte,

386 4010 570 4087 honorem
594 4010 812 4112 persolvere
823 4066 834 4103 ‚
855 4012 894 4085 et
913 4009 1080 4085 erimina
1099 4009 1209 4086 modo
1229 4010 1275 4085 ab
1296 4008 1365 4083 in·-

385 4153 507 4249 vidis,
530 4152 642 4230 modo
661 4154 709 4229 ab
729 4151 922 4256 imperitis
942 4151 1166 4230 hominibus
1188 4150 1230 4227 in
1250 4150 1365 4226 illurn
1471 4156 1474 4162 '

387 4291 553 4389 collata,
578 4294 681 4372 ultro
702 4294 890 4372 refellere.
