3650 5542
848 896 1047 958 ..20-

463 1100 547 1163 tum
567 1087 667 1188 apud
688 1088 843 1162 Gnaeees
862 1088 900 1161 et
919 1084 961 1159 in
981 1084 1065 1186 ipsa
1084 1085 1209 1159 Roma
1227 1085 1430 1173 florebant,

461 1230 517 1306 M.
535 1226 711 1303 Tullium
730 1252 815 1303 eam
835 1225 908 1303 sibi
928 1226 1091 1327 elegisse
1109 1252 1196 1329 quae
1216 1227 1431 1320 moderate,

461 1370 582 1448 libere
600 1370 757 1472 ingenio
776 1370 945 1446 maxime
963 1370 1336 1447 accommodabatur.
1356 1372 1435 1446 Nee

463 1512 565 1620 quod
584 1511 744 1613 Epicuri
763 1512 1031 1588 contemnebat
1049 1511 1227 1611 mendae,
1242 1509 1327 1585 ideo
1339 1508 1435 1585 Stoi·

464 1676 598 1731 corum
629 1656 838 1756 angustam
865 1656 904 1728 et
934 1652 1190 1730 inhumanam
1216 1651 1435 1728 doctrinam

463 1792 620 1890 dilexit3
640 1793 705 1871 sed
720 1794 767 1870 ab
781 1794 1043 1890 AcademieiS,
1061 1794 1155 1870 item
1174 1796 1221 1871 ab
1239 1793 1331 1869 aliis
1346 1794 1436 1869 dis-

462 1932 638 2038 ciplinis,
656 1959 743 2038 quae
763 1933 836 2011 sibi
856 1959 949 2013 vera
968 1940 1038 2011 aut
1055 1935 1138 2011 veri
1159 1934 1307 2011 similia
1321 1935 1437 2013 vide-

465 2078 622 2173 bantur,
643 2079 871 2174 mutuatae,
893 2079 1034 2153 caetera
1056 2076 1188 2152 omnia
1212 2102 1261 2152 ex
1284 2077 1437 2153 beatis-

467 2216 555 2295 simi
577 2216 725 2320 ingenii
746 2217 1024 2294 fecundissima
1045 2220 1220 2293 ubertate
1236 2217 1317 2319 ipse
1333 2215 1437 2293 ultro

471 2357 645 2463 pretulit.

548 2653 676 2718 ,Vettius
691 2654 841 2719 addictas
849 2656 966 2735 jurare
981 2660 1017 2718 in
1032 2658 1130 2719 verba
1144 2659 1314 2737 'inanitum

471 2933 572 3013 iuuet
592 2943 647 3010 tut
667 2933 828 3037 placita,
852 2933 955 3009 inter
975 2938 1031 3009 tet
1049 2938 1239 3036 praecepta
1260 2935 1438 3035 philoso-

470 3075 653 3183 pherum,
671 3100 757 3179 quae
774 3075 856 3154 sint
871 3075 1046 3172 homine,
1065 3101 1152 3180 quae
1168 3076 1249 3152 sint
1262 3078 1438 3153 Romano

468 3217 588 3320 iligna
606 3216 821 3324 conquirit3
845 3244 946 3295 verae
966 3217 1104 3295 virtuti
1124 3224 1215 3296 ente
1234 3220 1365 3298 omnia
1383 3222 1439 3297 in-

470 3358 613 3458 anivit,
634 3372 673 3437 et
698 3359 858 3439 virtutis
886 3360 1011 3462 ipsius
1037 3386 1189 3437 omnem
1215 3363 1369 3441 laudem
1398 3366 1438 3439 in

470 3498 619 3581 mutuae
642 3502 862 3582 constituit.
884 3503 962 3589 Qui
986 3527 1063 3580 non
1088 3505 1278 3605 potuisset
1296 3506 1440 3583 Socra-

474 3642 572 3723 tenu
604 3644 670 3725 ille
701 3670 853 3734 merua,
883 3645 1014 3721 omnia
1044 3645 1218 3721 humana
1248 3645 1440 3747 introspi-

470 3785 622 3887 uiemlu,
645 3786 781 3893 quanti
808 3791 939 3863 essent
964 3786 1178 3882 aestimare,
1201 3792 1240 3863 et
1259 3788 1441 3890 quaelibet

473 3928 588 4029 titan,
603 3935 710 4026 teta,
725 3929 911 4007 simulata
926 3927 1188 4024 discutiendo9
1207 3928 1248 4003 in
1265 3928 1349 4030 ipsa
1363 3929 1441 4030 gie

472 4095 529 4149 nm,
547 4070 636 4179 quid
659 4070 848 4176 optimum
868 4056 991 4164 esent,
1014 4070 1107 4172 quid
1128 4094 1226 4165 non,
1242 4096 1367 4180 ¹sensu
1387 4072 1440 4147 di-

465 4212 644 4317 jntlteune
663 4211 826 4319 optimo?

527 4354 578 4437 tu
613 4354 718 4435 enim
752 4352 879 4433 varios
913 4362 952 4431 et
981 4352 1195 4430 uberrimos
1234 4354 1358 4429 fontes
1392 4378 1440 4427 ex
