3650 5542
879 868 1078 932 ..30-

486 1056 546 1131 lta
563 1081 694 1133 omnes
714 1057 897 1135 humanae
917 1065 1068 1137 naturae
1088 1084 1248 1154 sensus,
1267 1059 1448 1156 affectus,

486 1197 649 1298 gaudia,
672 1197 838 1295 dolores,
861 1200 989 1278 vivide
1010 1202 1145 1300 sentit,
1169 1202 1296 1279 vivide
1314 1203 1450 1305 expri-

485 1336 578 1432 mit3
598 1337 653 1414 ita
673 1338 837 1442 simplex
856 1348 896 1419 et
915 1348 1071 1445 apertus
1090 1345 1220 1421 omnia
1239 1344 1347 1446 cupit
1364 1369 1451 1448 quae

486 1501 554 1552 nos
579 1477 787 1581 aliquando
810 1482 939 1579 taciti,
956 1484 1203 1561 vehementer
1226 1488 1356 1561 tamen
1376 1508 1451 1559 cu-

484 1618 627 1717 pimus,
655 1622 736 1722 Ego
766 1622 944 1724 quidem,
965 1624 1072 1702 verbi
1102 1649 1240 1720 causa,
1263 1623 1449 1701 libentius

485 1758 641 1860 ignosco
678 1763 732 1840 M.
769 1764 921 1862 Tulli0,
958 1765 1298 1868 supplicationem,
1333 1788 1451 1868 quam

484 1899 673 2001 triumphi
710 1905 1008 2003 praerogativam
1045 1908 1226 2008 putabat,
1262 1930 1285 1980 a
1318 1904 1450 1980 Marco

484 2037 629 2116 Catone
657 2041 835 2119 sollicitis
859 2046 1036 2146 precibus
1057 2045 1220 2148 petenti,
1239 2068 1355 2148 quam
1375 2042 1449 2144 ipsi

484 2178 622 2255 Catoni
645 2183 778 2285 paucis
798 2189 836 2260 et
855 2186 1048 2288 ambiguis
1068 2186 1195 2263 verbis
1219 2185 1362 2261 malam
1381 2184 1449 2259 in-

484 2317 628 2394 vidiam
648 2321 748 2397 male
767 2322 1065 2402 dissimulanti¹.
1084 2324 1157 2402 Cui
1181 2328 1311 2400 tamen
1334 2322 1449 2399 beni—

484 2484 559 2561 gno
578 2465 617 2537 et
638 2462 717 2539 leni
741 2464 870 2540 animo
893 2465 1028 2543 Cicero
1054 2463 1202 2567 gratias
1230 2463 1333 2565 agit,
1356 2462 1448 2537 adeo

482 2601 614 2678 brevia
632 2605 808 2706 quaedam
827 2584 877 2682 de
892 2606 976 2682 suis
995 2605 1175 2683 laudibus
1194 2605 1298 2681 dicta
1316 2605 1447 2705 magni

482 2741 665 2837 faciebat3
688 2744 780 2820 adeo
800 2744 889 2820 aliis
910 2745 1107 2822 sincerum
1126 2744 1302 2821 animum
1321 2742 1449 2819 inesse

482 2880 648 2957 libenter
666 2885 840 2982 putabat,
861 2910 977 2987 quem
997 2885 1070 2962 sibi
1089 2890 1112 2961 a
1130 2890 1272 2962 natura
1291 2885 1444 2978 datum,

481 3020 616 3097 multis
639 3021 803 3120 litteriS,
826 3025 952 3101 multa
971 3025 1268 3121 exercitatione,
1290 3024 1447 3100 assiduo

480 3162 680 3262 placabilis
701 3164 954 3266 philosophiae
975 3167 1102 3242 studio
1121 3165 1364 3242 adauxerat.

519 3452 525 3485 ¹
541 3452 627 3522 Epist.
641 3451 675 3506 ad
689 3451 782 3507 famili.
798 3452 859 3521 XV,
874 3454 900 3519 l,
916 3456 942 3521 5,
957 3457 982 3507 fi.

516 3556 528 3590 ²
541 3555 632 3610 Nostri
646 3563 735 3612 autem
747 3557 784 3611 illi
802 3556 916 3630 (fatebor
929 3575 971 3639 me
981 3574 1089 3631 quoque
1101 3558 1127 3612 in
1137 3558 1318 3614 adolescentia
1330 3556 1446 3611 diffisum

468 3643 588 3713 ‘ingenio
610 3660 687 3713 meo,
704 3646 833 3718 quaesisse
852 3645 1009 3717 adjumenta
1029 3646 1183 3717 doctrinae),
1198 3646 1300 3714 nostri,
1320 3645 1444 3717 inquam,

481 3733 527 3801 illi,
540 3748 555 3787 a
568 3733 681 3790 Platone
692 3742 719 3790 et
729 3735 873 3791 Aristotele
886 3735 1018 3791 moderati
1034 3736 1157 3791 homines
1169 3742 1196 3791 et
1208 3733 1350 3805 temperati
1371 3734 1446 3788 aiunt

480 3821 551 3893 apud
566 3824 716 3894 sapientem
731 3825 820 3879 valere
835 3825 980 3897 aliquando
995 3826 1126 3895 gratiam,
1141 3824 1193 3879 viri
1207 3823 1270 3879 boni
1287 3840 1346 3879 esse
1361 3824 1446 3878 mise-

481 3912 548 3980 reri,
562 3912 691 3969 distincta
710 3930 809 3984 genera
823 3931 883 3970 essa
896 3914 1072 3983 delictorum,
1086 3923 1114 3969 et
1126 3914 1248 3985 dispares
1261 3929 1371 3985 poenaS,
1386 3930 1447 3969 esse

480 3998 550 4070 apud
567 4001 702 4056 bominem
717 4010 885 4058 constantem
899 4001 1055 4073 ignoscendi
1071 4002 1159 4057 locum
1175 4020 1180 4056 :
1194 4003 1282 4073 ipsum
1296 4002 1446 4073 sapientem

480 4101 553 4158 saepe
568 4087 667 4161 aliquid
685 4073 789 4160 opinari
804 4089 876 4161 quod
892 4090 1009 4158 nesciat;
1026 4089 1106 4144 irasci
1122 4105 1328 4161 nonnunquam,
1341 4089 1447 4144 exorari

479 4178 604 4235 eumdem
619 4187 647 4235 et
664 4180 764 4251 placari
778 4179 869 4251 :quod
883 4179 999 4248 dixerit,
1014 4180 1163 4250 interdum,
1178 4182 1202 4237 si
1221 4182 1259 4236 ita
1277 4180 1379 4236 rectius
1393 4179 1445 4241 sit,

481 4274 602 4337 mutare,
617 4268 651 4323 de
667 4268 801 4323 sententia
822 4267 955 4325 decedere
969 4270 1116 4341 aliquando
1127 4314 1134 4340 ,
1147 4286 1241 4327 omnes
1255 4270 1370 4324 virtutes
1384 4284 1445 4323 mc-

478 4357 624 4413 diocritate
637 4356 754 4428 quadam
770 4372 828 4412 esse
843 4355 1007 4412 moderatas.
1024 4358 1089 4429 (Pro
1103 4359 1133 4412 L.
1150 4360 1286 4428 Muraena,
1301 4360 1334 4411 63
1348 4354 1356 4431 ζ·
