3650 5542
875 858 1076 925 ..50-

544 1050 697 1151 blaj0ra
715 1054 845 1126 tamen
866 1050 929 1126 his
951 1055 996 1127 et
1009 1050 1197 1145 clariora,
1219 1054 1258 1127 et
1277 1052 1323 1125 ab
1342 1050 1463 1126 omni-

490 1191 561 1267 bus
582 1192 649 1295 qui
673 1193 838 1268 honores
861 1196 900 1269 et
919 1192 1083 1294 gloriam
1103 1196 1289 1294 exoptant
1307 1191 1463 1268 assidue

490 1328 667 1431 legenda,
691 1332 912 1409 meditanda
931 1334 987 1410 M.
1009 1332 1164 1409 Tullius
1184 1330 1318 1427 edidit,
1341 1356 1464 1434 quum

491 1470 617 1547 multa
632 1498 764 1550 rerum
783 1477 822 1549 et
840 1473 1044 1548 hominum
1065 1471 1306 1574 experientia
1325 1471 1464 1547 erudi-

489 1625 577 1719 tuS,
601 1650 694 1702 suas
720 1650 806 1727 spes
826 1624 1066 1701 certissimas
1086 1649 1164 1701 non
1179 1625 1262 1725 jam
1282 1623 1323 1698 in
1344 1622 1464 1699 homi-

490 1767 620 1869 nibus,
639 1772 759 1849 sedin
773 1770 856 1874 ipso
875 1773 970 1867 Deo,
995 1771 1026 1847 si
1044 1772 1100 1848 ita
1115 1771 1220 1873 loqui
1237 1795 1462 1872 possumne,

491 1909 587 1987 sitas
607 1917 645 1989 et
664 1914 763 1989 fixas
783 1912 956 1987 haberet,

542 2051 620 2127 Nos
640 2052 744 2129 enim
767 2051 951 2126 intereos
971 2052 1040 2153 qui
1059 2050 1224 2152 gloriam
1245 2054 1290 2126 ut
1308 2050 1465 2153 amplis·

492 2190 635 2267 simum
667 2191 751 2268 suis
785 2190 981 2266 laboribus
1020 2190 1224 2299 praemium
1254 2190 1463 2292 judicave-

491 2334 607 2427 runt,
635 2337 673 2408 et
697 2333 953 2407 tentaverunt
972 2330 1177 2432 consequi,
1201 2354 1344 2431 magna
1370 2356 1464 2408 sane

489 2470 718 2548 discrimina
744 2494 820 2545 non
839 2494 1047 2572 possumus
1074 2494 1151 2545 non
1177 2473 1363 2546 statuere.
1387 2468 1463 2554 Qui

490 2611 594 2691 enim
632 2615 678 2689 ab
716 2609 897 2711 imperita
934 2608 1190 2686 multitudine
1230 2608 1360 2685 differt
1396 2596 1464 2684 ille

491 2754 598 2831 inani
629 2751 810 2856 superbia
837 2751 1021 2846 inflatuS,
1054 2750 1120 2852 qui
1149 2751 1389 2845 naturalem,
1420 2756 1466 2825 ut

490 2896 546 2973 ita
564 2895 709 2989 dicam,
734 2892 921 2993 impetum
942 2891 1003 2968 vel
1023 2890 1141 2967 etiam
1161 2890 1377 2993 appetitum
1398 2916 1465 2966 se-

489 3035 639 3141 quitur,
663 3039 702 3111 et
725 3057 823 3108 nova
852 3057 1002 3133 semper
1032 3031 1207 3128 molitur,
1235 3037 1279 3109 ut
1305 3031 1465 3134 eupidi-

490 3203 578 3256 nem
597 3174 770 3281 quotidie
790 3177 1075 3268 renascentem,
1097 3174 1269 3275 quotidie
1293 3174 1465 3276 inexple-

490 3324 589 3413 tam,
627 3340 704 3394 non
742 3313 944 3409 dominus,
981 3314 1046 3389 sed
1081 3339 1239 3410 servus,
1280 3314 1465 3417 impleat?

488 3458 645 3537 Scilicet
670 3456 744 3532 iste
768 3454 994 3531 innumeras
1014 3458 1053 3531 et
1072 3454 1307 3531 fortissimas
1327 3458 1463 3558 gentes

489 3596 661 3699 subegit,
689 3620 813 3698 genus
838 3596 1057 3671 humanum
1083 3599 1209 3673 totum
1237 3594 1310 3674 sibi
1339 3599 1465 3675 obno-

489 3738 599 3817 xium
626 3735 832 3839 praestitit3
864 3735 905 3811 in
935 3760 1089 3811 summa
1111 3735 1237 3837 gloria
1263 3736 1389 3833 vixit,
1423 3736 1464 3813 in

489 3901 642 3955 summa
665 3876 789 3980 gloria
808 3875 916 3953 obiit.
940 3878 990 3952 Et
1008 3880 1139 3954 tamen
1159 3902 1282 3980 quum
1301 3902 1391 3953 eum
1410 3877 1464 3953 vi·

489 4023 644 4097 ventem
662 4023 701 4097 et
729 4023 955 4095 coronatum
981 4018 1218 4095 circumfusa
1251 4018 1464 4095 multitudo

489 4185 578 4239 vere
597 4161 773 4255 beatum,
795 4184 885 4234 vere
905 4158 1166 4235 conclamaret
1185 4158 1460 4254 immortalem,

492 4305 573 4409 ipse
594 4327 664 4381 uec
684 4328 723 4380 se
745 4300 841 4377 satis
861 4300 1088 4397 laudatum,
1112 4326 1181 4377 nec
1205 4326 1246 4377 se
1266 4324 1353 4381 vere
1368 4302 1464 4377 bea-
