3650 5542
837 859 1035 923 ..5ss-

502 1050 599 1139 Quis
632 1050 811 1128 Marcum
842 1049 1019 1127 Tullium
1053 1053 1107 1129 M.
1151 1052 1311 1131 Catonis
1350 1056 1423 1131 sub

450 1218 614 1301 persona
649 1193 870 1297 loquentem
908 1192 1022 1269 facile
1059 1218 1136 1271 non
1174 1198 1420 1301 agnosceret,

448 1363 571 1445 quum
596 1341 711 1416 aetate
728 1338 811 1439 jam
844 1341 1048 1438 provectus
1076 1337 1169 1440 quid
1195 1336 1303 1433 veri,
1330 1336 1423 1440 quid

450 1480 538 1561 falsi
571 1505 632 1557 res
666 1481 849 1557 humanae
882 1478 1071 1556 haberent
1103 1483 1142 1556 et
1174 1480 1256 1582 ipse
1281 1480 1422 1557 melius
1465 1470 1467 1475 ’

449 1624 759 1729 perspexerat,et
778 1618 874 1697 alios
894 1620 1077 1698 certiores
1093 1625 1282 1724 praestare
1299 1620 1423 1725 cupie-

448 1769 540 1845 bat:

504 1943 522 1979 a
544 1910 606 1985 An
626 1931 760 1983 censes
781 1904 843 2011 (ut
861 1906 907 1981 de
928 1906 1092 2008 meipso
1117 1905 1288 2010 aliquid,
1319 1930 1425 1984 more

451 2075 610 2145 senum,
643 2043 818 2151 glorier),
848 2072 909 2123 me
933 2051 1063 2125 tantos
1093 2048 1243 2125 labores
1263 2049 1424 2126 diurnos

450 2194 740 2292 nocturnosque
767 2189 871 2265 domi
897 2189 1128 2294 militiaeque
1148 2196 1425 2294 suscepturum

450 2333 594 2429 tuisse,
618 2331 651 2407 si
672 2330 810 2408 iisdem
830 2332 975 2409 finibus
995 2333 1161 2435 gloriam
1186 2360 1311 2411 meam
1331 2335 1426 2438 qui—

450 2478 522 2553 bus
541 2474 665 2551 vitam
694 2498 819 2549 essem
846 2472 1158 2552 terminaturus?
1182 2476 1319 2551 Nonne
1338 2498 1426 2549 me—

450 2605 673 2695 lius'multc
700 2615 794 2707 fuit,
822 2619 862 2691 et
884 2616 1050 2692 otiosam
1076 2620 1232 2694 aetatem
1252 2622 1291 2694 et
1309 2618 1427 2721 quie—

450 2764 531 2837 tam
550 2758 636 2834 siue
656 2758 739 2835 ullo
757 2758 888 2834 labore
907 2761 947 2835 et
966 2759 1214 2836 contentione
1238 2760 1427 2835 traduce-

450 2904 512 2981 ret
532 2902 629 2998 Sed,
662 2900 894 3003 nescioquo
920 2901 1052 2997 mod0,
1089 2901 1246 2978 animus
1271 2902 1426 3004 erigens

451 3072 491 3123 se
511 3042 779 3149 posteritatem
799 3067 950 3144 semper
965 3041 1021 3119 ita
1035 3042 1313 3145 prospiciebat,
1336 3069 1427 3146 qua-

451 3187 506 3284 si,
529 3212 651 3291 quum
670 3185 881 3263 excessiset
900 3210 920 3261 e
939 3185 1042 3281 vita,
1061 3190 1146 3261 tum
1166 3186 1333 3290 denique
1352 3185 1428 3262 vio·

451 3332 567 3405 turus
587 3326 713 3403 esset?
733 3326 840 3411 Quod
862 3325 1019 3429 quidem
1040 3325 1082 3401 ni
1103 3326 1158 3401 ita
1183 3351 1223 3403 se
1243 3326 1425 3422 haberet,

453 3477 498 3550 ut
529 3472 653 3549 animi
688 3472 927 3549 immortales
961 3474 1110 3567 essent,
1148 3471 1253 3547 haud
1291 3469 1428 3573 optimi

451 3593 644 3721 cujusque
672 3616 829 3694 animus
856 3615 902 3691 ad
932 3615 1271 3692 immortalitatem
1290 3614 1427 3715 gloriae

452 3761 660 3838 niteretur.
681 3759 690 3801 ¹
715 3794 733 3827 a

504 3904 586 4005 Ego
611 3903 767 4007 quidem
790 3929 835 3980 ea
862 3903 1017 4004 legens,
1046 3906 1085 3978 et
1111 3900 1237 3977 multa
1264 3900 1429 4001 hujusce

453 4044 553 4122 modi
588 4044 629 4121 in
661 4046 885 4122 memoriam
916 4069 1122 4140 revocanS,
1153 4066 1230 4119 non
1269 4066 1427 4148 possum

490 4360 496 4393 ¹
512 4358 551 4414 Dc
562 4359 673 4427 Sertect„
689 4362 731 4414 82.
