3650 5542
857 846 1057 909 -10..

466 1038 625 1135 infelix,
651 1042 710 1134 et,
742 1042 787 1115 ut
812 1037 869 1114 ita
887 1037 1038 1134 diuam,
1060 1038 1229 1115 stultum
1249 1063 1345 1139 opus
1366 1063 1441 1139 ag·-
1550 1049 1553 1055 ’

465 1178 596 1279 gredi,
625 1178 769 1255 librum
795 1179 842 1256 de
870 1179 996 1281 gloria
1021 1179 1238 1278 amissum,
1273 1180 1440 1283 propriis

463 1315 615 1393 viribus
643 1318 804 1395 nonita
831 1319 1006 1421 magniS,
1039 1319 1260 1423 integrum,
1286 1323 1441 1426 qualern

464 1458 586 1536 fuisse
605 1486 695 1537 eum
713 1461 862 1563 opinor,
885 1462 1108 1541 restituere.

563 1739 636 1803 Nou
651 1742 799 1822 equidem
811 1742 959 1819 invium,
975 1746 1078 1807 miror
1093 1746 1263 1825 Ναθῶ...

463 2026 649 2129 quosdam
668 2025 912 2101 doctissimos
932 2025 1059 2120 viros,
1083 2025 1228 2102 misera
1255 2025 1442 2127 cupidine

464 2167 703 2269 exagitatos,
741 2167 894 2269 incepta
929 2168 1048 2271 hujus
1083 2168 1184 2244 modi
1218 2194 1295 2246 non
1323 2168 1440 2247 ‘modo

465 2335 543 2387 non
576 2309 748 2412 fugisse,
785 2309 849 2385 sed
877 2308 995 2386 etiarn
1020 2308 1144 2385 fuisse
1167 2308 1345 2405 molitoS,
1377 2311 1437 2405 et,

465 2451 591 2528 invita
619 2450 823 2547 Minerva,
852 2450 976 2527 invito
1007 2450 1202 2527 communi
1219 2475 1373 2551 sensu,
1397 2453 1442 2525 ut
1507 2466 1514 2481 ·

465 2593 540 2695 ipsi
567 2593 842 2695 opinabantur,
873 2594 921 2667 ad
947 2594 1092 2669 bonum
1125 2591 1354 2695 perduxisse
1388 2592 1441 2667 fi-

462 2757 564 2809 nem.
589 2734 715 2835 Major
732 2734 893 2810 debetur
911 2734 1143 2811 clarissimis
1175 2734 1345 2837 ingeniis
1371 2760 1439 2812 re-

460 2872 650 2969 verentia,
668 2873 825 2977 quibus,
848 2875 882 2950 si
901 2900 1105 2954 commune
1122 2877 1406 2955 mortalitatisf
1427 2923 1440 2935 ·

463 3020 570 3113 tum,
593 3016 711 3118 longa
726 3017 960 3120 saeculorum
977 3018 1096 3117 serie,
1114 3045 1274 3122 operurn
1289 3024 1439 3128 partem

464 3162 536 3234 aut
553 3157 714 3234 omnino
732 3156 946 3260 eripuerit,
977 3162 1046 3235 ant
1068 3163 1249 3237 truncam
1265 3162 1303 3235 et
1324 3158 1439 3235 infor·

463 3328 564 3387 niem
592 3301 750 3398 feeerit,
780 3326 850 3377 nos
879 3305 1063 3405 perpetuo
1088 3326 1222 3378 eorum
1249 3299 1439 3379 desiderio

463 3442 620 3544 urgeri,
655 3468 725 3520 nos
752 3448 937 3547 perpetuo
968 3446 1097 3522 dolere
1129 3445 1256 3540 decet3
1292 3443 1439 3521 amissa

463 3609 644 3686 reparare
661 3570 846 3663 ¹modestis
867 3590 906 3663 et
925 3578 1032 3663 senis
1053 3610 1131 3661 non
1151 3585 1257 3661 lieet.

515 3728 652 3804 Altera
671 3727 736 3804 via
760 3731 820 3804 est
843 3753 961 3831 quam
981 3726 1125 3804 eruditi
1146 3726 1345 3824 homineS,
1369 3726 1438 3803 in-

461 3869 569 3971 genti
591 3894 662 3945 suo
680 3869 828 3965 labore,
848 3870 964 3947 nulla
984 3873 1116 3945 autern
1135 3871 1205 3944 aut
1223 3893 1344 3971 parva
1363 3867 1438 3944 uti·

461 4011 595 4108 litate,
631 4012 673 4088 in
690 4011 780 4088 aliis
801 4011 1057 4115 scriptoribus
1084 4010 1310 4113 reparandis
1335 4035 1437 4111 saepe

462 4152 584 4229 secuti
605 4157 713 4231 sunt.
737 4155 867 4239 Quum
887 4152 993 4230 enirn
1015 4153 1171 4248 Noster,
1194 4177 1271 4228 non
1292 4151 1435 4247 semel,

462 4296 526 4371 sed
547 4293 761 4373 sexcenties
782 4293 874 4397 quid
894 4296 941 4370 de
961 4293 1088 4395 gloria
1107 4293 1291 4390 sentiret,
1313 4318 1435 4395 expo-
