3650 5542
778 866 975 965 ‘²5‘ss

392 1090 410 1122 a
433 1082 525 1133 casu
559 1055 693 1133 diebus
727 1056 795 1153 iis,
828 1056 981 1133 itineris
1016 1058 1180 1135 faciendi
1215 1086 1353 1158 causa,

392 1231 410 1263 a
432 1198 616 1274 decedens
631 1222 652 1272 e
670 1197 871 1298 provincia
889 1198 1073 1275 Puteolos
1099 1201 1195 1277 forte
1219 1206 1359 1279 venis-

391 1374 409 1406 „
433 1364 533 1435 sem,
569 1363 689 1441 quum
722 1338 881 1439 plurimi
916 1343 955 1415 et
987 1339 1201 1415 lautissimi
1233 1340 1358 1416 solent

391 1516 409 1548 a
431 1506 515 1558 csse
541 1479 582 1556 iu
614 1479 663 1555 iis
691 1478 806 1573 locis,
843 1480 991 1555 concidi
1026 1504 1144 1582 pene,
1177 1480 1354 1581 judiceS,

391 1659 409 1690 a
431 1648 553 1727 quum
585 1647 632 1698 ex
661 1647 721 1697 mc
750 1621 908 1724 quidam
936 1622 1162 1725 quaesisset,
1196 1624 1357 1727 quodie

391 1799 410 1831 n
431 1766 558 1841 Roma
589 1762 774 1857 exissem,
812 1765 850 1837 et
883 1786 979 1837 num
1008 1763 1100 1865 quid
1121 1763 1162 1839 in
1189 1789 1233 1841 ea
1252 1770 1357 1842 esset

390 1941 408 1973 a
431 1904 535 1983 novi.
566 1903 640 1981 Oui
669 1928 790 2005 quum
817 1902 1101 2004 respondissem
1131 1928 1192 1979 me
1218 1929 1353 2006 epro-

390 2078 408 2111 ’ν
430 2042 561 2120 vincia
592 2043 771 2120 decedere
802 2068 810 2119 :
842 2043 961 2120 etiam
990 2045 1251 2143 mehercules,
1287 2048 1356 2123 in-

389 2221 407 2254 „
429 2185 533 2290 quit,
557 2188 602 2261 ut
620 2184 768 2286 opinor,
791 2182 843 2260 'cx
871 2184 1017 2261 Africa.
1048 2185 1153 2261 Huic
1180 2212 1249 2288 ego
1271 2189 1356 2288 jam

389 2364 407 2396 n
431 2328 677 2405 stomachans
698 2324 896 2402 fastidiose
919 2351 926 2402 :
952 2326 1028 2403 imo
1048 2352 1095 2403 ex
1117 2325 1276 2433 Sicilia,
1300 2326 1356 2401 in-

390 2504 407 2535 a
429 2494 560 2573 quam.
583 2471 683 2545 Tum
710 2468 866 2571 quidam
895 2469 1008 2573 quasi
1028 2470 1095 2573 qui
1122 2471 1253 2547 omnia
1274 2470 1356 2546 sci-

389 2648 406 2678 a
430 2617 517 2689 ret:
543 2612 656 2715 quid?
676 2615 719 2715 tu
740 2612 890 2708 nescis,
920 2610 1068 2714 inquit,
1100 2613 1207 2690 huno
1231 2614 1355 2718 Syra*-

388 2790 406 2821 a
428 2755 533 2831 cusis
571 2758 802 2857 quaestorem
838 2753 974 2831 fuisse.
1015 2755 1183 2830 Fueram
1221 2760 1352 2832 autem

387 2931 405 2962 a
428 2898 606 3002 Lylibcei.
630 2898 731 2983 Quid
750 2898 896 2975 multa?
916 2898 1059 2975 Destiti
1086 2899 1351 2996 stomachari,

388 3077 405 3108 a
428 3046 467 3118 et
485 3067 545 3117 me
565 3065 689 3117 unum
708 3040 818 3116 exiis
838 3039 909 3116 feci
930 3039 997 3143 qui
1019 3040 1066 3115 ad
1087 3066 1208 3143 aquas
1225 3042 1352 3117 venis-

388 3219 405 3251 ’ν
429 3187 528 3261 sent.
565 3182 636 3258 Sed
661 3208 705 3258 ea
729 3208 789 3258 res
823 3182 927 3257 haud
948 3182 1027 3258 scio
1058 3207 1108 3258 an
1137 3184 1226 3284 plus
1255 3183 1354 3259 mihi

385 3356 402 3387 a
425 3322 614 3447 profuerit
632 3348 749 3425 quam
769 3322 802 3398 si
824 3323 921 3399 mihi
945 3327 1031 3399 tum
1058 3328 1191 3401 essent
1217 3350 1352 3402 omues

386 3498 403 3530 υ
427 3464 686 3567 congratulati
707 3499 741 3542 ’κ

435 3606 592 3683 Scilicet
617 3633 662 3683 ea
685 3633 745 3683 res
769 3633 856 3710 quae
879 3609 1024 3685 multos
1049 3611 1205 3685 tantum
1236 3634 1353 3710 aspe-

381 3759 526 3851 rasset,
554 3754 859 3857 necquidquam
885 3753 1099 3852 docuisset,
1123 3779 1201 3831 non
1229 3780 1352 3831 unum

358 3898 490 3973 ,modo
518 3897 788 3998 adjumentum
815 3897 869 3972 ll.
901 3895 1032 3972 Tullio
1062 3896 1219 3992 attulit,
1253 3898 1351 4000 quod

380 4035 574 4137 egregiam
605 4040 787 4111 naturam
814 4034 1040 4112 liberalibus
1072 4036 1214 4113 studiis
1243 4037 1352 4113 mul-

379 4181 463 4253 tum
496 4183 586 4254 ante
623 4178 867 4273 excoluerat,
899 4179 998 4280 quod
1033 4203 1117 4255 eam
1156 4178 1349 4281 praecipue

378 4316 552 4393 omnium
576 4318 769 4395 virtutum
795 4323 919 4394 matre
943 4324 981 4397 et
1005 4319 1140 4397 altrice
1169 4319 1345 4423 philoso-
