3650 5542
782 890 982 951 ...47-

398 1104 479 1156 rem
493 1079 589 1181 apti,
606 1083 646 1155 et
659 1078 790 1182 cupidi
805 1078 996 1157 bellorum
1011 1079 1280 1181 gerendorum.
1297 1082 1367 1157 Ve-

397 1246 438 1296 re
453 1224 584 1297 autem
600 1219 634 1295 si
649 1220 830 1297 volumus
842 1220 1040 1322 judicare,
1059 1221 1194 1299 multae
1213 1246 1274 1299 res
1293 1246 1368 1299 ex-

399 1361 587 1440 stiterunt
609 1364 767 1439 urbanae
786 1363 953 1464 majores
973 1361 1232 1466 clarioresque
1251 1388 1368 1467 quam

397 1502 559 1584 bellicae.
580 1502 700 1581 Parvi
719 1507 814 1580 sunt
832 1528 939 1580 arma
957 1502 1072 1600 foriS,
1095 1503 1174 1581 nisi
1192 1509 1253 1582 est
1270 1529 1369 1582 con·-

398 1643 534 1724 silium
551 1642 669 1721 domi.
687 1642 861 1747 Ecquid,
882 1642 991 1719 verbi
1007 1667 1145 1739 causa,
1167 1642 1225 1721 Cu
1244 1644 1368 1721 Pom-

398 1786 484 1887 peio
515 1784 727 1889 profuisset
760 1783 939 1886 ingentes
969 1783 1144 1862 hostium
1173 1786 1396 1865 exercitus«

398 1924 634 2023 debellasse,
660 1929 700 2002 et
724 1929 784 2003 ter
802 1925 1050 2030 triumphum
1073 1926 1311 2025 obtinuisse,
1334 1930 1369 2005 si

399 2092 477 2145 non
495 2066 621 2145 Marci
639 2066 762 2146 Tullii
778 2068 980 2164 beneficio,
998 2068 1127 2145 lo'cum
1146 2066 1212 2145 ubi
1233 2066 1369 2143 trium·
1389 2158 1391 2163 ι

399 2210 560 2311 pharet,
581 2209 706 2287 victor
725 2209 878 2287 rediens
902 2206 1139 2285 invenisset!
1163 2206 1266 2283 lllud
1288 2204 1369 2306 igi-

399 2357 467 2430 tur
484 2350 676 2455 optimum
696 2352 816 2429 simul
835 2356 874 2427 et
892 2351 1143 2428 verissimum
1162 2375 1170 2427 :
1356 2348 1359 2357 '

480 2643 603 2707 Cedocr
617 2661 714 2706 ormo
730 2634 820 2723 toqa,
835 2644 989 2707 coracedm
1005 2644 1117 2707 lutoso
1134 2644 1235 2707 lovudt.

456 2954 475 2988 ν’
493 2924 638 3025 Magna
665 2927 726 2999 est
753 2921 880 3019 enim,
910 2925 956 2998 ut
984 2920 1121 2999 dealiis
1149 2925 1370 3024 togatorum

400 3067 443 3144 in
463 3064 742 3168 rempublicam
763 3063 960 3141 beneficiis
985 3067 1204 3161 taceamus
1229 3088 1371 3167 magna

421 3206 688 3284 estadmiratio
711 3204 862 3309 copiose
885 3205 1157 3309 sapienterque
1184 3204 1367 3299 dicentis3

400 3373 515 3451 quem
530 3348 599 3452 qui
617 3348 785 3427 andiunt
803 3348 1026 3452 intelligere
1045 3344 1163 3427 etiam
1181 3353 1220 3426 et
1239 3372 1373 3452 sapere

400 3490 610 3595 plusquam
635 3494 781 3569 ceteros
810 3490 1067 3569 arbitrantur.
1096 3489 1136 3568 Si
1160 3514 1252 3566 vero
1278 3512 1373 3565 ora-

403 3637 498 3714 tioni
524 3637 629 3715 inest
646 3639 773 3717 mixta
791 3640 981 3718 modestia
1000 3637 1197 3742 gravitaS,
1220 3638 1277 3717 nil
1297 3640 1372 3715 ad·-

402 3780 624 3859 mirabilius
641 3782 727 3859 fieri
746 3787 896 3885 potest,
916 3784 974 3861 nil
994 3783 1120 3887 gloria
1137 3776 1311 3885 dignius.

457 3957 477 3992 a
494 3923 567 4002 Sed
582 3948 660 4001 non
675 3924 786 4002 modo
801 3925 863 4001 illi
881 3925 1065 4005 laudibus
1084 3930 1123 4004 et
1141 3924 1244 4002 fama
1263 3923 1373 4026 digni

402 4064 469 4168 qui
502 4065 629 4143 multa
655 4069 694 4143 et
722 4091 883 4169 magna,
913 4066 996 4146 sive
1024 4066 1170 4169 togati,
1197 4065 1279 4143 sive
1303 4088 1374 4141 ar-

401 4206 517 4305 mati,
540 4213 586 4287 nt
604 4208 687 4287 suis
711 4208 862 4287 civibus
890 4208 1146 4305 inservirent,
1172 4208 1370 4305 fecerunt,

402 4355 441 4426 et
468 4350 590 4428 vitam
619 4351 660 4427 in
689 4350 794 4447 luce,
825 4356 864 4429 et
892 4353 963 4429 sub
992 4352 1115 4428 oculis
1143 4350 1370 4447 hominum,
