3650 5542
751 874 953 936 363...

370 1092 458 1170 quae
489 1065 683 1168 pertinere
709 1065 778 1141 vix
806 1066 854 1141 ad
887 1064 1008 1141 unius
1039 1064 1134 1141 anui
1160 1066 1342 1167 exiguam

371 1213 520 1312 partem
539 1209 687 1311 potest?
705 1252 757 1269 -
777 1207 904 1310 Igitur
923 1208 1001 1285 alte
1022 1208 1055 1284 si
1077 1214 1250 1311 spectare
1267 1236 1344 1285 vo-

371 1349 449 1446 les,
474 1352 591 1452 atque
617 1349 721 1425 hanc
752 1350 880 1426 sedem
905 1353 945 1426 et
972 1354 1160 1427 aeternam
1187 1352 1343 1429 domum

372 1490 561 1589 contueri,
584 1517 709 1595 neque
724 1496 763 1569 te
781 1492 1025 1569 sermonibus
1044 1494 1156 1597 vulgi
1174 1496 1340 1593 dederis,

373 1658 444 1711 nec
471 1633 513 1710 in
534 1634 707 1736 praemiis
732 1634 917 1712 humanis
942 1660 1049 1738 spem
1074 1639 1251 1740 posueris
1276 1663 1344 1716 re—

372 1801 462 1852 rum
490 1780 669 1873 tuarum3
696 1776 781 1853 suis
808 1781 846 1855 tc
869 1782 1019 1880 oportet
1046 1779 1239 1859 illecebris
1259 1782 1344 1885 ipsa

372 1918 501 1997 virtus
528 1922 662 1998 trahat
686 1922 734 1998 ad
762 1946 900 1999 verum
927 1924 1045 2001 decus
1072 1949 1081 2002 :
1110 1925 1204 2028 quid
1232 1926 1279 2003 de
1307 1931 1345 2004 te

372 2062 441 2139 alii
468 2063 693 2167 loquentur,
723 2064 798 2166 ipsi
823 2065 983 2143 videant
1009 2091 1017 2144 :
1046 2054 1345 2169 sed'loquentur

372 2209 517 2284 tamen.
540 2206 673 2284 Sermo
692 2213 824 2285 autem
850 2206 986 2284 omnis
1000 2207 1067 2285 ille
1090 2211 1130 2283 et
1149 2206 1345 2309 angustiis

371 2350 547 2452 cingitur
572 2351 622 2427 iis
648 2351 878 2452 regionum,
900 2376 998 2453 quas
1021 2350 1152 2447 vides,
1175 2375 1245 2427 nec
1264 2374 1346 2425 un—

372 2514 489 2592 quam
514 2492 561 2568 de
584 2492 667 2570 ullo
686 2492 868 2595 perennis
888 2491 986 2588 fuit,
1009 2496 1048 2568 et
1070 2492 1251 2569 obruitur
1270 2493 1346 2569 ho-

373 2637 526 2717 minum
544 2639 731 2734 interitu,
753 2644 793 2717 et
811 2640 1006 2718 oblivione
1024 2641 1266 2743 posteritatis
1286 2668 1347 2719 ex·

374 2774 606 2879 stinguitur.
633 2815 652 2848 a

426 2919 500 2995 His
527 2922 683 3025 quidem
709 2921 838 2999 verbis
864 2947 960 2998 vera
986 2925 1025 2998 et
1048 2921 1263 3001 novissima
1313 2927 1345 3004 l.

370 3068 492 3146 Tullii
512 3068 558 3144 de
581 3066 708 3167 gloria
727 3065 924 3141 sententia
943 3062 1001 3140 ita
1027 3069 1181 3166 aperte,
1205 3065 1261 3142 ita
1280 3065 1349 3142 vi-

374 3209 462 3286 vide
498 3204 748 3308 exprimitur,
788 3209 833 3280 ut
870 3204 982 3280 nullo
1028 3204 1105 3281 alio
1137 3204 1349 3307 interprete
1440 3311 1442 3321 Α

375 3353 526 3450 egeant.
561 3347 685 3432 Quem
705 3370 815 3441 vero,
842 3345 875 3420 si
899 3370 961 3421 res
981 3345 1037 3421 ita
1057 3344 1175 3443 feret,
1200 3350 1239 3423 et
1265 3372 1349 3449 gra-

376 3491 555 3585 viorem,·
571 3494 610 3565 et
636 3488 864 3590 ampliorem
891 3487 1143 3589 interpretem
1172 3488 1349 3565 invenire

376 3655 576 3733 possemus
587 3653 704 3732 quam
715 3629 830 3705 illum
840 3626 1214 3730 praestantissimum
1229 3627 1349 3705 chris-

376 3775 494 3852 tianae
519 3773 631 3868 fidei,
655 3772 774 3848 simul
800 3776 840 3848 et
863 3797 966 3848 verae
994 3770 1251 3873 philosophiae
1277 3772 1350 3847 de-

347 3916 352 3929 '
374 3914 590 4009 temonem,
612 3912 655 3989 in
675 3938 751 4015 quo
779 3914 863 3989 haec
881 3913 973 3989 laeta
992 3917 1122 3990 mente
1140 3937 1267 4014 nuper
1286 3912 1349 3989 le-

318 4147 320 4151 v
375 4051 537 4153 gimus:

431 4194 671 4272 “Ciceronis
699 4196 879 4298 operibus
910 4200 955 4274 ut
982 4196 1172 4273 studeatis
1199 4196 1346 4292 hortor,

375 4339 490 4439 cujus
528 4336 705 4415 doctrina
738 4339 922 4441 quiddam
957 4339 1130 4415 continet
1158 4338 1350 4415 tristissi-
