<?xml version="1.0" encoding="UTF-8"?>
<!DOCTYPE html PUBLIC "-//W3C//DTD XHTML 1.0 Transitional//EN"
    "http://www.w3.org/TR/xhtml1/DTD/xhtml1-transitional.dtd">
<html xmlns="http://www.w3.org/1999/xhtml" xml:lang="en" lang="en">
 <head>
  <title>
</title>
<meta http-equiv="Content-Type" content="text/html;charset=utf-8" />
  <meta name='ocr-system' content='tesseract 3.04.00' />
  <meta name='ocr-capabilities' content='ocr_page ocr_carea ocr_par ocr_line ocrx_word'/>
</head>
<body>
  <div class='ocr_page' id='page_1' title='image "./quiddegloriasen00chargoog_0017.png"; bbox 0 0 3650 5542; ppageno 0'>
   <div class='ocr_carea' id='block_1_1' title="bbox 772 828 969 889">
    <p class='ocr_par' dir='ltr' id='par_1_1' title="bbox 772 828 969 889">
     <span class='ocr_line' id='line_1_1' title="bbox 772 828 969 889; baseline 0.005 -17"><span class='ocrx_word' id='word_1_1' title='bbox 772 828 969 889; x_wconf 66' lang='lat'><strong>„11-</strong></span> 
     </span>
    </p>
   </div>
   <div class='ocr_carea' id='block_1_2' title="bbox 384 1017 1357 1255">
    <p class='ocr_par' dir='ltr' id='par_1_2' title="bbox 384 1017 1357 1255">
     <span class='ocr_line' id='line_1_2' title="bbox 385 1017 1356 1122; baseline -0.004 -24"><span class='ocrx_word' id='word_1_2' title='bbox 385 1021 530 1118; x_wconf 88' lang='lat' dir='ltr'><strong>suerit,</strong></span> <span class='ocrx_word' id='word_1_3' title='bbox 556 1020 818 1122; x_wconf 87' lang='lat' dir='ltr'><strong>potuissemus</strong></span> <span class='ocrx_word' id='word_1_4' title='bbox 843 1017 974 1095; x_wconf 92' lang='lat' dir='ltr'><strong>omnia</strong></span> <span class='ocrx_word' id='word_1_5' title='bbox 1000 1043 1045 1094; x_wconf 91' lang='lat' dir='ltr'><strong>ea</strong></span> <span class='ocrx_word' id='word_1_6' title='bbox 1070 1017 1175 1096; x_wconf 90' lang='lat' dir='ltr'><strong>dicta</strong></span> <span class='ocrx_word' id='word_1_7' title='bbox 1193 1018 1356 1120; x_wconf 89' lang='lat' dir='ltr'><strong>diligen-</strong></span> 
     </span>
     <span class='ocr_line' id='line_1_3' title="bbox 384 1149 1357 1255; baseline -0.002 -24"><span class='ocrx_word' id='word_1_8' title='bbox 384 1157 444 1232; x_wconf 84' lang='lat' dir='ltr'><strong>ter</strong></span> <span class='ocrx_word' id='word_1_9' title='bbox 472 1152 721 1255; x_wconf 74' lang='lat' dir='ltr'>conquirere,</span> <span class='ocrx_word' id='word_1_10' title='bbox 745 1149 977 1252; x_wconf 88' lang='lat' dir='ltr'><strong>diligentius</strong></span> <span class='ocrx_word' id='word_1_11' title='bbox 1002 1175 1207 1246; x_wconf 90' lang='lat' dir='ltr'><strong>consuere,</strong></span> <span class='ocrx_word' id='word_1_12' title='bbox 1242 1156 1304 1248; x_wconf 87' lang='lat' dir='ltr'><strong>et,</strong></span> <span class='ocrx_word' id='word_1_13' title='bbox 1336 1177 1357 1229; x_wconf 89' lang='lat' dir='ltr'><strong>e</strong></span> 
     </span>
    </p>
   </div>
   <div class='ocr_carea' id='block_1_3' title="bbox 382 1292 1357 1827">
    <p class='ocr_par' dir='ltr' id='par_1_3' title="bbox 382 1292 1357 1827">
     <span class='ocr_line' id='line_1_4' title="bbox 385 1292 1356 1398; baseline 0.002 -28"><span class='ocrx_word' id='word_1_14' title='bbox 385 1293 627 1371; x_wconf 75' lang='lat' dir='ltr'><strong>brevissimis</strong></span> <span class='ocrx_word' id='word_1_15' title='bbox 647 1294 693 1371; x_wconf 87' lang='lat' dir='ltr'><strong>ad</strong></span> <span class='ocrx_word' id='word_1_16' title='bbox 710 1292 887 1395; x_wconf 83' lang='lat' dir='ltr'><strong>longiora</strong></span> <span class='ocrx_word' id='word_1_17' title='bbox 901 1296 1007 1369; x_wconf 90' lang='lat' dir='ltr'><strong>certa</strong></span> <span class='ocrx_word' id='word_1_18' title='bbox 1026 1318 1212 1370; x_wconf 89' lang='lat' dir='ltr'><strong>mensura</strong></span> <span class='ocrx_word' id='word_1_19' title='bbox 1231 1320 1356 1398; x_wconf 92' lang='lat' dir='ltr'><strong>proce·</strong></span> 
     </span>
     <span class='ocr_line' id='line_1_5' title="bbox 384 1434 1355 1538; baseline 0.003 -26"><span class='ocrx_word' id='word_1_20' title='bbox 384 1437 539 1531; x_wconf 88' lang='lat' dir='ltr'><strong>dentes,</strong></span> <span class='ocrx_word' id='word_1_21' title='bbox 580 1460 719 1537; x_wconf 92' lang='lat' dir='ltr'><strong>corpus</strong></span> <span class='ocrx_word' id='word_1_22' title='bbox 755 1435 947 1538; x_wconf 83' lang='lat' dir='ltr'><strong>quoddam</strong></span> <span class='ocrx_word' id='word_1_23' title='bbox 984 1434 1158 1538; x_wconf 90' lang='lat' dir='ltr'><strong>undique</strong></span> <span class='ocrx_word' id='word_1_24' title='bbox 1203 1437 1355 1515; x_wconf 89' lang='lat' dir='ltr'><strong>collatis</strong></span> 
     </span>
     <span class='ocr_line' id='line_1_6' title="bbox 382 1578 1357 1681; baseline 0.001 -25"><span class='ocrx_word' id='word_1_25' title='bbox 382 1579 564 1658; x_wconf 81' lang='lat' dir='ltr'><strong>membris</strong></span> <span class='ocrx_word' id='word_1_26' title='bbox 595 1579 785 1673; x_wconf 89' lang='lat' dir='ltr'><strong>conflare,</strong></span> <span class='ocrx_word' id='word_1_27' title='bbox 821 1578 884 1654; x_wconf 89' lang='lat' dir='ltr'><strong>cui</strong></span> <span class='ocrx_word' id='word_1_28' title='bbox 913 1579 1061 1674; x_wconf 90' lang='lat' dir='ltr'><strong>forma,</strong></span> <span class='ocrx_word' id='word_1_29' title='bbox 1098 1584 1237 1681; x_wconf 89' lang='lat' dir='ltr'><strong>caput,</strong></span> <span class='ocrx_word' id='word_1_30' title='bbox 1274 1580 1357 1657; x_wconf 87' lang='lat' dir='ltr'><strong>vita</strong></span> 
     </span>
     <span class='ocr_line' id='line_1_7' title="bbox 383 1722 1356 1827; baseline 0.001 -28"><span class='ocrx_word' id='word_1_31' title='bbox 383 1724 551 1827; x_wconf 89' lang='lat' dir='ltr'><strong>denique</strong></span> <span class='ocrx_word' id='word_1_32' title='bbox 573 1722 775 1799; x_wconf 76' lang='lat' dir='ltr'><strong>defuisset.</strong></span> <span class='ocrx_word' id='word_1_33' title='bbox 801 1723 855 1798; x_wconf 83' lang='lat' dir='ltr'><strong>At</strong></span> <span class='ocrx_word' id='word_1_34' title='bbox 873 1725 1009 1799; x_wconf 88' lang='lat' dir='ltr'><strong>contra</strong></span> <span class='ocrx_word' id='word_1_35' title='bbox 1031 1722 1175 1825; x_wconf 90' lang='lat' dir='ltr'><strong>dignus</strong></span> <span class='ocrx_word' id='word_1_36' title='bbox 1199 1727 1259 1802; x_wconf 90' lang='lat' dir='ltr'><strong>est</strong></span> <span class='ocrx_word' id='word_1_37' title='bbox 1283 1722 1356 1801; x_wconf 86' lang='lat' dir='ltr'><strong>Ci-</strong></span> 
     </span>
    </p>
   </div>
   <div class='ocr_carea' id='block_1_4' title="bbox 384 1850 1460 1968">
    <p class='ocr_par' dir='ltr' id='par_1_4' title="bbox 384 1850 1460 1968">
     <span class='ocr_line' id='line_1_8' title="bbox 384 1850 1460 1968; baseline 0.005 -28"><span class='ocrx_word' id='word_1_38' title='bbox 384 1890 470 1941; x_wconf 89' lang='lat' dir='ltr'><strong>cero</strong></span> <span class='ocrx_word' id='word_1_39' title='bbox 494 1891 609 1968; x_wconf 90' lang='lat' dir='ltr'><strong>quem</strong></span> <span class='ocrx_word' id='word_1_40' title='bbox 638 1850 751 1942; x_wconf 86' lang='lat' dir='ltr'><strong>nemo</strong></span> <span class='ocrx_word' id='word_1_41' title='bbox 779 1865 969 1967; x_wconf 83' lang='lat' dir='ltr'><strong>attingat,</strong></span> <span class='ocrx_word' id='word_1_42' title='bbox 999 1865 1077 1942; x_wconf 93' lang='lat' dir='ltr'><strong>nisi</strong></span> <span class='ocrx_word' id='word_1_43' title='bbox 1106 1867 1357 1945; x_wconf 83' lang='lat' dir='ltr'><strong>veneratione</strong></span> <span class='ocrx_word' id='word_1_44' title='bbox 1455 1950 1460 1955; x_wconf 69' lang='grc'><em>,</em></span> 
     </span>
    </p>
   </div>
   <div class='ocr_carea' id='block_1_5' title="bbox 383 2008 1357 2263">
    <p class='ocr_par' dir='ltr' id='par_1_5' title="bbox 383 2008 1357 2263">
     <span class='ocr_line' id='line_1_9' title="bbox 384 2008 1356 2113; baseline 0.003 -28"><span class='ocrx_word' id='word_1_45' title='bbox 384 2010 551 2112; x_wconf 91' lang='lat' dir='ltr'><strong>quadam</strong></span> <span class='ocrx_word' id='word_1_46' title='bbox 588 2008 779 2101; x_wconf 91' lang='lat' dir='ltr'><strong>imbutus,</strong></span> <span class='ocrx_word' id='word_1_47' title='bbox 818 2034 933 2111; x_wconf 91' lang='lat' dir='ltr'><strong>quem</strong></span> <span class='ocrx_word' id='word_1_48' title='bbox 972 2008 1113 2085; x_wconf 89' lang='lat' dir='ltr'><strong>ultima</strong></span> <span class='ocrx_word' id='word_1_49' title='bbox 1149 2010 1356 2113; x_wconf 78' lang='lat' dir='ltr'><strong>posteritas</strong></span> 
     </span>
     <span class='ocr_line' id='line_1_10' title="bbox 383 2152 1357 2263; baseline 0.002 -32"><span class='ocrx_word' id='word_1_50' title='bbox 383 2153 519 2231; x_wconf 86' lang='lat' dir='ltr'><strong>vivum</strong></span> <span class='ocrx_word' id='word_1_51' title='bbox 539 2157 578 2230; x_wconf 90' lang='lat' dir='ltr'><strong>et</strong></span> <span class='ocrx_word' id='word_1_52' title='bbox 606 2153 805 2254; x_wconf 89' lang='lat' dir='ltr'><strong>integrum</strong></span> <span class='ocrx_word' id='word_1_53' title='bbox 833 2152 1013 2229; x_wconf 90' lang='lat' dir='ltr'><strong>miretur.</strong></span> <span class='ocrx_word' id='word_1_54' title='bbox 1041 2154 1177 2263; x_wconf 78' lang='lat' dir='ltr'><strong>Itaque</strong></span> <span class='ocrx_word' id='word_1_55' title='bbox 1201 2180 1291 2232; x_wconf 91' lang='lat' dir='ltr'><strong>eum</strong></span> <span class='ocrx_word' id='word_1_56' title='bbox 1310 2156 1357 2233; x_wconf 94' lang='lat' dir='ltr'><strong>de</strong></span> 
     </span>
    </p>
   </div>
   <div class='ocr_carea' id='block_1_6' title="bbox 335 2295 1357 4386">
    <p class='ocr_par' dir='ltr' id='par_1_6' title="bbox 335 2295 1357 4386">
     <span class='ocr_line' id='line_1_11' title="bbox 383 2295 1356 2400; baseline 0.003 -27"><span class='ocrx_word' id='word_1_57' title='bbox 383 2296 509 2399; x_wconf 88' lang='lat' dir='ltr'><strong>gloria</strong></span> <span class='ocrx_word' id='word_1_58' title='bbox 527 2297 749 2400; x_wconf 90' lang='lat' dir='ltr'><strong>loquentem</strong></span> <span class='ocrx_word' id='word_1_59' title='bbox 768 2295 936 2397; x_wconf 91' lang='lat' dir='ltr'><strong>propriis</strong></span> <span class='ocrx_word' id='word_1_60' title='bbox 957 2321 1034 2372; x_wconf 93' lang='lat' dir='ltr'><strong>non</strong></span> <span class='ocrx_word' id='word_1_61' title='bbox 1060 2295 1201 2373; x_wconf 92' lang='lat' dir='ltr'><strong>alienis</strong></span> <span class='ocrx_word' id='word_1_62' title='bbox 1227 2299 1356 2375; x_wconf 90' lang='lat' dir='ltr'><strong>verbis</strong></span> 
     </span>
     <span class='ocr_line' id='line_1_12' title="bbox 383 2435 1356 2538; baseline 0.001 -25"><span class='ocrx_word' id='word_1_63' title='bbox 383 2436 608 2533; x_wconf 76' lang='lat' dir='ltr'><strong>audiemuS,</strong></span> <span class='ocrx_word' id='word_1_64' title='bbox 630 2440 676 2512; x_wconf 90' lang='lat' dir='ltr'><strong>ut</strong></span> <span class='ocrx_word' id='word_1_65' title='bbox 695 2435 778 2538; x_wconf 88' lang='lat' dir='ltr'><strong>ipse</strong></span> <span class='ocrx_word' id='word_1_66' title='bbox 796 2435 920 2511; x_wconf 86' lang='lat' dir='ltr'><strong>amico</strong></span> <span class='ocrx_word' id='word_1_67' title='bbox 940 2435 1199 2538; x_wconf 86' lang='lat' dir='ltr'><strong>interroganti</strong></span> <span class='ocrx_word' id='word_1_68' title='bbox 1220 2438 1356 2515; x_wconf 92' lang='lat' dir='ltr'><strong>brevi-</strong></span> 
     </span>
     <span class='ocr_line' id='line_1_13' title="bbox 383 2576 1355 2680; baseline -0.002 -24"><span class='ocrx_word' id='word_1_69' title='bbox 383 2585 443 2657; x_wconf 89' lang='lat' dir='ltr'><strong>ter</strong></span> <span class='ocrx_word' id='word_1_70' title='bbox 475 2580 540 2655; x_wconf 91' lang='lat' dir='ltr'><strong>sed</strong></span> <span class='ocrx_word' id='word_1_71' title='bbox 574 2578 717 2655; x_wconf 87' lang='lat' dir='ltr'><strong>acriter</strong></span> <span class='ocrx_word' id='word_1_72' title='bbox 750 2576 1030 2680; x_wconf 87' lang='lat' dir='ltr'><strong>respondisset,</strong></span> <span class='ocrx_word' id='word_1_73' title='bbox 1068 2577 1101 2654; x_wconf 94' lang='lat' dir='ltr'><strong>si</strong></span> <span class='ocrx_word' id='word_1_74' title='bbox 1135 2578 1266 2657; x_wconf 79' lang='lat' dir='ltr'><strong>forsan</strong></span> <span class='ocrx_word' id='word_1_75' title='bbox 1293 2578 1355 2654; x_wconf 92' lang='lat' dir='ltr'><strong>sui</strong></span> 
     </span>
     <span class='ocr_line' id='line_1_14' title="bbox 383 2720 1356 2824; baseline 0.002 -27"><span class='ocrx_word' id='word_1_76' title='bbox 383 2721 574 2818; x_wconf 87' lang='lat' dir='ltr'><strong>instituti,</strong></span> <span class='ocrx_word' id='word_1_77' title='bbox 598 2747 680 2798; x_wconf 86' lang='lat' dir='ltr'><strong>suae</strong></span> <span class='ocrx_word' id='word_1_78' title='bbox 698 2720 931 2817; x_wconf 85' lang='lat' dir='ltr'><strong>voluntatis,</strong></span> <span class='ocrx_word' id='word_1_79' title='bbox 955 2723 1000 2797; x_wconf 92' lang='lat' dir='ltr'><strong>ut</strong></span> <span class='ocrx_word' id='word_1_80' title='bbox 1014 2746 1115 2824; x_wconf 87' lang='lat' dir='ltr'><strong>saepe</strong></span> <span class='ocrx_word' id='word_1_81' title='bbox 1131 2720 1172 2798; x_wconf 91' lang='lat' dir='ltr'><strong>in</strong></span> <span class='ocrx_word' id='word_1_82' title='bbox 1189 2720 1280 2801; x_wconf 91' lang='lat' dir='ltr'><strong>aliis</strong></span> <span class='ocrx_word' id='word_1_83' title='bbox 1301 2747 1356 2799; x_wconf 89' lang='lat' dir='ltr'><strong>re-</strong></span> 
     </span>
     <span class='ocr_line' id='line_1_15' title="bbox 382 2862 1356 2961; baseline -0.002 -20"><span class='ocrx_word' id='word_1_84' title='bbox 382 2867 455 2941; x_wconf 92' lang='lat' dir='ltr'><strong>bus</strong></span> <span class='ocrx_word' id='word_1_85' title='bbox 474 2865 635 2961; x_wconf 83' lang='lat' dir='ltr'><strong>fecerat,</strong></span> <span class='ocrx_word' id='word_1_86' title='bbox 665 2863 720 2939; x_wconf 92' lang='lat' dir='ltr'><strong>ita</strong></span> <span class='ocrx_word' id='word_1_87' title='bbox 744 2889 851 2940; x_wconf 93' lang='lat' dir='ltr'><strong>nunc</strong></span> <span class='ocrx_word' id='word_1_88' title='bbox 878 2862 1069 2940; x_wconf 90' lang='lat' dir='ltr'><strong>rationem</strong></span> <span class='ocrx_word' id='word_1_89' title='bbox 1098 2863 1256 2940; x_wconf 87' lang='lat' dir='ltr'><strong>reddere</strong></span> <span class='ocrx_word' id='word_1_90' title='bbox 1280 2889 1356 2939; x_wconf 85' lang='lat' dir='ltr'><strong>vo-</strong></span> 
     </span>
     <span class='ocr_line' id='line_1_16' title="bbox 382 3004 1353 3108; baseline -0.003 -24"><span class='ocrx_word' id='word_1_91' title='bbox 382 3008 536 3085; x_wconf 89' lang='lat' dir='ltr'><strong>luisset.</strong></span> <span class='ocrx_word' id='word_1_92' title='bbox 564 3008 660 3093; x_wconf 83' lang='lat' dir='ltr'><strong>Quae</strong></span> <span class='ocrx_word' id='word_1_93' title='bbox 686 3011 817 3083; x_wconf 90' lang='lat' dir='ltr'><strong>tamen</strong></span> <span class='ocrx_word' id='word_1_94' title='bbox 844 3005 969 3081; x_wconf 90' lang='lat' dir='ltr'><strong>oratio</strong></span> <span class='ocrx_word' id='word_1_95' title='bbox 996 3030 1136 3108; x_wconf 88' lang='lat' dir='ltr'><strong>parum</strong></span> <span class='ocrx_word' id='word_1_96' title='bbox 1166 3004 1353 3100; x_wconf 85' lang='lat' dir='ltr'><strong>virtutis,</strong></span> 
     </span>
     <span class='ocr_line' id='line_1_17' title="bbox 381 3146 1356 3249; baseline 0.002 -28"><span class='ocrx_word' id='word_1_97' title='bbox 381 3172 521 3249; x_wconf 91' lang='lat' dir='ltr'><strong>parum</strong></span> <span class='ocrx_word' id='word_1_98' title='bbox 540 3147 658 3224; x_wconf 90' lang='lat' dir='ltr'><strong>etiam</strong></span> <span class='ocrx_word' id='word_1_99' title='bbox 679 3173 818 3225; x_wconf 92' lang='lat' dir='ltr'><strong>sensus</strong></span> <span class='ocrx_word' id='word_1_100' title='bbox 838 3148 1016 3245; x_wconf 88' lang='lat' dir='ltr'><strong>haberet,</strong></span> <span class='ocrx_word' id='word_1_101' title='bbox 1036 3146 1070 3224; x_wconf 90' lang='lat' dir='ltr'><strong>si</strong></span> <span class='ocrx_word' id='word_1_102' title='bbox 1091 3173 1168 3224; x_wconf 91' lang='lat' dir='ltr'><strong>non</strong></span> <span class='ocrx_word' id='word_1_103' title='bbox 1189 3152 1281 3224; x_wconf 91' lang='lat' dir='ltr'><strong>ante</strong></span> <span class='ocrx_word' id='word_1_104' title='bbox 1299 3173 1356 3224; x_wconf 91' lang='lat' dir='ltr'><strong>os·</strong></span> 
     </span>
     <span class='ocr_line' id='line_1_18' title="bbox 381 3286 1355 3371; baseline 0.009 -10"><span class='ocrx_word' id='word_1_105' title='bbox 381 3286 622 3364; x_wconf 89' lang='lat' dir='ltr'><strong>tenderimus</strong></span> <span class='ocrx_word' id='word_1_106' title='bbox 642 3290 831 3367; x_wconf 87' lang='lat' dir='ltr'><strong>Nostrum</strong></span> <span class='ocrx_word' id='word_1_107' title='bbox 850 3315 928 3367; x_wconf 93' lang='lat' dir='ltr'><strong>non</strong></span> <span class='ocrx_word' id='word_1_108' title='bbox 948 3290 1058 3367; x_wconf 90' lang='lat' dir='ltr'><strong>modo</strong></span> <span class='ocrx_word' id='word_1_109' title='bbox 1078 3294 1223 3368; x_wconf 90' lang='lat' dir='ltr'><strong>natura</strong></span> <span class='ocrx_word' id='word_1_110' title='bbox 1241 3296 1279 3371; x_wconf 90' lang='lat' dir='ltr'><strong>et</strong></span> <span class='ocrx_word' id='word_1_111' title='bbox 1300 3292 1355 3370; x_wconf 92' lang='lat' dir='ltr'><strong>in·</strong></span> 
     </span>
     <span class='ocr_line' id='line_1_19' title="bbox 381 3427 1357 3535; baseline 0.004 -30"><span class='ocrx_word' id='word_1_112' title='bbox 381 3427 467 3505; x_wconf 92' lang='lat' dir='ltr'><strong>dole</strong></span> <span class='ocrx_word' id='word_1_113' title='bbox 496 3434 698 3532; x_wconf 88' lang='lat' dir='ltr'><strong>paratum,</strong></span> <span class='ocrx_word' id='word_1_114' title='bbox 726 3433 928 3509; x_wconf 92' lang='lat' dir='ltr'><strong>sedetiam</strong></span> <span class='ocrx_word' id='word_1_115' title='bbox 949 3432 1197 3535; x_wconf 86' lang='lat' dir='ltr'><strong>philosophia</strong></span> <span class='ocrx_word' id='word_1_116' title='bbox 1216 3434 1357 3510; x_wconf 85' lang='lat' dir='ltr'><strong>excul-</strong></span> 
     </span>
     <span class='ocr_line' id='line_1_20' title="bbox 381 3572 1355 3678; baseline 0.006 -31"><span class='ocrx_word' id='word_1_117' title='bbox 381 3575 466 3647; x_wconf 88' lang='lat' dir='ltr'><strong>tum</strong></span> <span class='ocrx_word' id='word_1_118' title='bbox 485 3572 629 3668; x_wconf 90' lang='lat' dir='ltr'><strong>fuisse,</strong></span> <span class='ocrx_word' id='word_1_119' title='bbox 652 3578 696 3650; x_wconf 88' lang='lat' dir='ltr'><strong>ut</strong></span> <span class='ocrx_word' id='word_1_120' title='bbox 715 3600 847 3651; x_wconf 90' lang='lat' dir='ltr'><strong>veram</strong></span> <span class='ocrx_word' id='word_1_121' title='bbox 867 3574 1034 3677; x_wconf 82' lang='lat' dir='ltr'><strong>gloriam</strong></span> <span class='ocrx_word' id='word_1_122' title='bbox 1053 3575 1212 3678; x_wconf 90' lang='lat' dir='ltr'><strong>planius</strong></span> <span class='ocrx_word' id='word_1_123' title='bbox 1227 3580 1266 3653; x_wconf 94' lang='lat' dir='ltr'><strong>et</strong></span> <span class='ocrx_word' id='word_1_124' title='bbox 1281 3602 1355 3653; x_wconf 90' lang='lat' dir='ltr'><strong>me·</strong></span> 
     </span>
     <span class='ocr_line' id='line_1_21' title="bbox 380 3714 1355 3832; baseline 0.005 -41"><span class='ocrx_word' id='word_1_125' title='bbox 380 3714 459 3791; x_wconf 91' lang='lat' dir='ltr'><strong>lius</strong></span> <span class='ocrx_word' id='word_1_126' title='bbox 479 3740 596 3818; x_wconf 90' lang='lat' dir='ltr'><strong>quam</strong></span> <span class='ocrx_word' id='word_1_127' title='bbox 616 3742 664 3792; x_wconf 83' lang='lat' dir='ltr'><strong>ex</strong></span> <span class='ocrx_word' id='word_1_128' title='bbox 692 3716 887 3793; x_wconf 87' lang='lat' dir='ltr'><strong>veteribus</strong></span> <span class='ocrx_word' id='word_1_129' title='bbox 908 3717 1097 3820; x_wconf 87' lang='lat' dir='ltr'><strong>quilibet,</strong></span> <span class='ocrx_word' id='word_1_130' title='bbox 1125 3743 1355 3832; x_wconf 84' lang='lat' dir='ltr'><strong>cognoscere</strong></span> 
     </span>
     <span class='ocr_line' id='line_1_22' title="bbox 380 3856 1351 3960; baseline 0 -27"><span class='ocrx_word' id='word_1_131' title='bbox 380 3861 521 3959; x_wconf 87' lang='lat' dir='ltr'><strong>posset.</strong></span> <span class='ocrx_word' id='word_1_132' title='bbox 545 3856 608 3935; x_wconf 87' lang='lat' dir='ltr'><strong>Sic</strong></span> <span class='ocrx_word' id='word_1_133' title='bbox 626 3858 731 3934; x_wconf 90' lang='lat' dir='ltr'><strong>enim</strong></span> <span class='ocrx_word' id='word_1_134' title='bbox 752 3883 878 3935; x_wconf 89' lang='lat' dir='ltr'><strong>sermo</strong></span> <span class='ocrx_word' id='word_1_135' title='bbox 897 3859 984 3960; x_wconf 90' lang='lat' dir='ltr'><strong>ejus</strong></span> <span class='ocrx_word' id='word_1_136' title='bbox 1005 3858 1118 3933; x_wconf 86' lang='lat' dir='ltr'><strong>fidem</strong></span> <span class='ocrx_word' id='word_1_137' title='bbox 1143 3858 1351 3959; x_wconf 87' lang='lat' dir='ltr'><strong>majorem,</strong></span> 
     </span>
     <span class='ocr_line' id='line_1_23' title="bbox 379 4000 1354 4103; baseline 0 -28"><span class='ocrx_word' id='word_1_138' title='bbox 379 4001 565 4103; x_wconf 89' lang='lat' dir='ltr'><strong>majorem</strong></span> <span class='ocrx_word' id='word_1_139' title='bbox 591 4000 864 4078; x_wconf 86' lang='lat' dir='ltr'><strong>auctoritatem</strong></span> <span class='ocrx_word' id='word_1_140' title='bbox 891 4000 1104 4097; x_wconf 90' lang='lat' dir='ltr'><strong>obtinebit,</strong></span> <span class='ocrx_word' id='word_1_141' title='bbox 1135 4000 1354 4103; x_wconf 85' lang='lat' dir='ltr'><strong>praesertim</strong></span> 
     </span>
     <span class='ocr_line' id='line_1_24' title="bbox 335 4141 1353 4245; baseline 0 -27"><span class='ocrx_word' id='word_1_142' title='bbox 335 4149 337 4154; x_wconf 77' lang='grc'>’</span> <span class='ocrx_word' id='word_1_143' title='bbox 377 4168 500 4245; x_wconf 91' lang='lat' dir='ltr'><strong>quum</strong></span> <span class='ocrx_word' id='word_1_144' title='bbox 519 4141 744 4219; x_wconf 86' lang='lat' dir='ltr'><strong>Ciceronem</strong></span> <span class='ocrx_word' id='word_1_145' title='bbox 765 4142 895 4219; x_wconf 91' lang='lat' dir='ltr'><strong>nullos</strong></span> <span class='ocrx_word' id='word_1_146' title='bbox 923 4142 1001 4220; x_wconf 93' lang='lat' dir='ltr'><strong>nisi</strong></span> <span class='ocrx_word' id='word_1_147' title='bbox 1028 4142 1244 4244; x_wconf 86' lang='lat' dir='ltr'><strong>legitimos,</strong></span> <span class='ocrx_word' id='word_1_148' title='bbox 1275 4141 1353 4218; x_wconf 92' lang='lat' dir='ltr'><strong>nisi</strong></span> 
     </span>
     <span class='ocr_line' id='line_1_25' title="bbox 379 4282 1354 4386; baseline 0 -27"><span class='ocrx_word' id='word_1_149' title='bbox 379 4309 468 4360; x_wconf 77' lang='lat' dir='ltr'><strong>crim</strong></span> <span class='ocrx_word' id='word_1_150' title='bbox 489 4283 635 4363; x_wconf 87' lang='lat' dir='ltr'><strong>virtute</strong></span> <span class='ocrx_word' id='word_1_151' title='bbox 655 4288 694 4359; x_wconf 89' lang='lat' dir='ltr'><strong>et</strong></span> <span class='ocrx_word' id='word_1_152' title='bbox 714 4282 839 4360; x_wconf 89' lang='lat' dir='ltr'><strong>officio</strong></span> <span class='ocrx_word' id='word_1_153' title='bbox 860 4286 1088 4386; x_wconf 88' lang='lat' dir='ltr'><strong>conjunctos</strong></span> <span class='ocrx_word' id='word_1_154' title='bbox 1104 4284 1239 4386; x_wconf 82' lang='lat' dir='ltr'><strong>gloriae</strong></span> <span class='ocrx_word' id='word_1_155' title='bbox 1254 4282 1354 4359; x_wconf 88' lang='lat' dir='ltr'><strong>fruo-</strong></span> 
     </span>
    </p>
   </div>
   <div class='ocr_carea' id='block_1_7' title="bbox 0 0 1830 5542">
    <p class='ocr_par' dir='ltr' id='par_1_7' title="bbox 0 0 1830 5542">
     <span class='ocr_line' id='line_1_26' title="bbox 0 0 1830 5542; baseline 0 2"><span class='ocrx_word' id='word_1_156' title='bbox 0 0 1830 5542; x_wconf 95' lang='lat' dir='ltr'><strong> </strong></span> 
     </span>
    </p>
   </div>
  </div>
 </body>
</html>
