3650 5542
753 886 953 951 ..59-

418 1080 527 1165 Quod
548 1078 581 1154 si
601 1079 689 1182 quis
709 1079 756 1155 de
774 1080 830 1156 M.
853 1078 975 1156 Tullii
996 1079 1109 1155 firma
1129 1082 1167 1155 et
1186 1078 1338 1176 stabili,

367 1223 408 1298 in
431 1248 474 1298 eo
493 1222 594 1325 quod
614 1221 661 1297 ad
677 1222 829 1323 justam
848 1224 887 1298 et
904 1246 1037 1298 veram
1056 1220 1222 1323 gloriam
1241 1222 1341 1299 atti-

367 1369 447 1457 net‚
470 1362 664 1439 sententia
683 1362 802 1439 etiam
821 1387 928 1438 nune
947 1360 1198 1458 dubitaverit,
1217 1343 1341 1438 dnum

365 1501 493 1577 adhue
521 1502 741 1603 exemplum
772 1502 814 1578 in
840 1501 1011 1578 medium
1037 1501 1174 1578 afferre
1201 1499 1338 1597 liceat,

367 1668 443 1749 quo
461 1641 608 1745 patebit
633 1641 749 1721 illum
774 1666 852 1719 non
872 1642 983 1719 mode
1002 1642 1081 1718 fere
1101 1665 1252 1738 senem,
1276 1642 1341 1719 sed

367 1785 485 1861 etiam
507 1788 622 1861 aetate
645 1784 861 1885 vigentem,
891 1784 1025 1860 eadem
1059 1781 1228 1859 sensisse
1254 1808 1341 1886 quae

365 1950 488 2027 nuper
517 1950 565 2001 ex
596 1950 660 2001 ore
692 1925 818 2027 ipsius
847 1916 1088 2002 audivimus.
1122 1924 1265 2003 Scribit
1293 1926 1340 2001 ad

367 2064 553 2143 Catonem
582 2091 698 2169 quem
730 2066 900 2162 virtute,
932 2065 1180 2167 integritate,
1213 2091 1341 2168 praes-

367 2205 637 2283 tantissimum
661 2208 765 2283 inter
793 2207 903 2284 illius
933 2206 1119 2310 temporis
1145 2192 1341 2284 Romanos

368 2369 480 2421 nemo
499 2349 560 2421 est
577 2346 644 2449 qui
665 2370 743 2422 non
758 2346 909 2448 judicet
931 2372 939 2424 :

423 2520 444 2553 u
464 2487 589 2587 Agam
611 2487 695 2587 jam
719 2489 848 2562 tecum
872 2486 1136 2582 familiariter,
1159 2491 1204 2563 ut
1226 2491 1343 2565 estet

369 2624 511 2703 studiis
540 2624 685 2702 nostris
712 2626 883 2722 mutuis,
913 2630 951 2702 et
983 2651 1136 2703 summa
1169 2626 1343 2705 amicitia

368 2766 552 2868 dignum,
578 2768 618 2841 et
643 2765 931 2843 necessitudine
954 2766 1072 2842 etiarn
1099 2770 1273 2869 paterna.
1302 2767 1342 2845 Si

368 2908 577 3012 quisquam
604 2907 681 2984 fuit
705 2932 880 3011 unquam
905 2912 1077 2985 remotus
1105 2913 1145 2985 et
1173 2912 1339 3004 natura‚'

367 3054 407 3127 et
425 3049 551 3152 magis
571 3048 710 3146 etiam,
734 3053 779 3126 ut
798 3049 956 3151 quidem
983 3048 1081 3125 mihi
1107 3050 1252 3127 sentire
1276 3048 1342 3125 vi—

368 3190 472 3286 deor,
501 3188 671 3285 ratione,
702 3190 748 3266 ab
777 3188 886 3265 inani
910 3189 1048 3287 laude,
1079 3214 1149 3291 ego
1174 3190 1343 3292 profecto

369 3332 402 3406 is
425 3355 528 3408 sum.
550 3329 678 3406 Testis
697 3334 757 3407 est
776 3330 1005 3407 consulatus
1026 3355 1158 3425 meus,
1182 3330 1340 3434 inque,

368 3470 471 3546 sicut
494 3469 536 3546 in
561 3469 711 3572 reliqua
738 3469 838 3565 vita,
869 3470 992 3545 fateor
1016 3494 1060 3545 ea
1084 3495 1144 3545 me
1172 3469 1343 3547 studiose

368 3613 560 3706 secutum,
583 3609 792 3712 exquibus
813 3635 904 3686 vera
923 3609 1048 3711 gloria
1068 3612 1177 3688 nasei
1197 3616 1339 3715 posset,

369 3749 493 3852 ipsam
517 3774 584 3850 per
606 3775 646 3826 se
674 3775 878 3853 nunquam
907 3750 1043 3853 putavi
1073 3752 1339 3853 expetendam.

368 3888 504 3990 Itaque
527 3892 567 3965 et
590 3888 831 3991 provinciam
855 3894 1056 3986 ornatam,
1079 3895 1118 3967 et
1141 3916 1247 3992 spem
1266 3915 1343 3967 nen

367 4024 525 4103 dubiam
546 4028 738 4131 triumphi
758 4029 933 4131 neglexi¹
941 4092 1019 4107 .....
1046 4065 1065 4099 a

404 4347 412 4380 ⁴
428 4346 516 4418 Epist.
530 4346 563 4403 ad
578 4348 674 4418 samii,
690 4347 708 4403 l.
724 4349 785 4417 XV,
805 4351 830 4404 4.
