3650 5542
845 838 1044 902 ..24-

459 1052 540 1103 una
564 1027 719 1129 quidem
753 1028 814 1103 die
851 1027 976 1105 libens
1010 1032 1049 1105 et
1082 1028 1208 1104 sciens
1242 1028 1426 1108 deseruit.

512 1168 654 1245 Omnes
679 1167 782 1245 enim
807 1170 909 1271 gnati
938 1172 1058 1271 poetae
1087 1170 1323 1246 sententiam
1343 1197 1431 1247 me-

459 1313 582 1390 moria
600 1317 800 1408 tenemus,
825 1313 899 1415 ipsi
929 1313 1086 1416 quidem
1106 1338 1181 1389 usu
1202 1316 1241 1387 et
1261 1336 1301 1387 re
1320 1336 1431 1387 oom-

458 1430 732 1556 probauimus,
754 1480 831 1557 qua
850 1453 977 1531 dicit:
1073 1508 1076 1513 -

678 1801 765 1817 .......
789 1711 877 1814 Video
891 1753 1031 1815 metiore
1040 1753 1217 1833 proboque,

677 1876 840 1941 veteriora
852 1893 976 1957 sequor,

457 2196 527 2247 neo
564 2173 745 2247 Mannum
781 2169 958 2245 Tullium
998 2170 1157 2247 sceleris
1195 2197 1430 2274 arguemus,

457 2314 572 2415 quud,
595 2337 726 2389 veram
748 2310 914 2414 gloriam
938 2311 1080 2414 optime
1099 2337 1221 2414 quum
1241 2312 1429 2407 novisset,

457 2451 596 2529 falsam
616 2457 747 2530 tamen
767 2452 1003 2555 aliquande,
1028 2453 1199 2556 juvenili
1227 2460 1266 2531 et
1292 2454 1431 2556 ignos-

457 2595 575 2674 cendo
608 2619 738 2670 emona
771 2594 891 2671 suerit
926 2599 1097 2673 secutus.
1129 2598 1261 2673 Unum
1286 2597 1429 2692 etiam,

458 2741 561 2817 inter
580 2738 728 2832 multa,
751 2737 973 2839 exemplum
989 2724 1255 2815 exhibebimus
1277 2766 1351 2843 quo
1371 2768 1433 2843 pa-

457 2880 553 2958 tebit
571 2879 854 2956 adolescentem
875 2879 1013 2956 multis
1036 2883 1119 2983 jam
1140 2881 1182 2957 in
1202 2882 1333 2959 causis
1355 2908 1432 2959 no-

458 3027 561 3117 tum,
590 3019 771 3096 maximis
799 3020 1013 3098 bonoribus
1038 3028 1240 3121 ornatum,
1272 3026 1432 3102 candido

457 3168 586 3239 tamen
619 3161 749 3238 animo
779 3164 818 3238 et
850 3162 982 3259 facili,
1019 3188 1103 3239 eam
1137 3170 1270 3267 quam*
1288 3163 1361 3239 sibi
1388 3164 1434 3238 de

457 3305 613 3407 propria
644 3305 748 3379 fama
780 3303 952 3380 finxerat
985 3302 1206 3406 opinionem
1244 3300 1433 3377 immodi-

458 3469 566 3539 cam,
587 3444 753 3522 libenter
785 3445 1024 3547 deposuisse.
1058 3448 1191 3548 Ipsum
1220 3470 1312 3521 veno
1330 3443 1433 3520 Tul—

460 3585 560 3662 lium
578 3586 800 3689 loquentem
820 3587 1055 3664 audiamusl
1079 3613 1087 3665 ε
1143 3665 1145 3671 ,

485 3774 489 3781 -
517 3762 534 3794 ιι
558 3728 642 3804 Hae
671 3752 738 3829 spe
763 3728 1007 3807 discedebam
1032 3756 1052 3806 e
1079 3730 1232 3821 Sicilia,
1262 3732 1434 3831 praetura

464 3903 482 3936 n
504 3873 679 3972 peraeta,
703 3873 748 3946 ut
767 3869 865 3947 mibi
885 3873 1073 3973 populum
1099 3896 1306 3948 romanum
1326 3870 1434 3947 ultro

464 4044 483 4078 η
505 4011 636 4087 omnia
661 4012 883 4089 delaturum
912 4019 1104 4115 putarem.
1129 4016 1180 4090 Et
1200 4039 1292 4115 ego,
1315 4038 1436 4116 quum

499 4313 505 4345 ⁴
524 4312 577 4366 Pro
595 4312 757 4374 Plancius.
775 4316 818 4368 65.
