3650 5542
854 857 1053 919 ..48-

468 1047 552 1122 sine
585 1046 669 1123 ulla
701 1042 849 1149 quiete',
885 1045 970 1122 sine
1008 1044 1091 1122 ulla
1128 1045 1438 1142 intermissione,

469 1212 618 1291 semper
636 1186 776 1290 agitati
795 1191 974 1289 egerunt.
996 1186 1116 1264 Multi
1133 1186 1254 1286 enim,
1276 1213 1440 1291 quorum

467 1330 598 1409 studia
623 1330 780 1434 vitaque
812 1331 939 1408 omnis
968 1330 1010 1407 in
1040 1354 1172 1407 rerum
1207 1328 1441 1432 cogitatione

467 1481 622 1554 versata
653 1479 735 1571 est,
771 1479 902 1552 tamen
934 1475 982 1551 ab
1015 1473 1204 1576 augendis
1236 1474 1440 1552 hominum

467 1614 708 1694 utilitatibus
727 1618 766 1692 et
787 1613 997 1722 commodis
1017 1640 1095 1692 non
1116 1620 1381 1712 recesserunt,
1398 1620 1442 1694 et

466 1756 523 1836 ita
555 1754 838 1858 amplissimam
874 1753 1060 1856 gloriam,
1101 1755 1186 1833 sine
1223 1755 1306 1832 ulla
1343 1780 1441 1833 con-

468 1897 677 1994 troversia,
696 1900 791 1974 sunt
809 1896 952 1999 adepti.
974 1898 1076 1975 Nam
1094 1897 1324 1976 erudierunt
1343 1894 1441 1976 mul-

466 2042 526 2116 tos
558 2064 634 2142 quo
667 2037 844 2115 meliores
876 2037 954 2114 viri
983 2038 1238 2145 utilioresque
1266 2038 1308 2115 in
1334 2038 1440 2117 civi-

467 2182 548 2255 tate
578 2203 651 2255 sua
682 2182 830 2276 essent,
866 2182 906 2255 et
934 2179 974 2255 id
1000 2204 1077 2256 non
1106 2180 1216 2257 modo
1244 2180 1439 2289 sermoni-

465 2319 558 2417 buS,
585 2319 848 2416 orationibuS‚
878 2318 1086 2396 sedetiam
1114 2319 1324 2423 aliquando
1348 2346 1440 2399 ear-

467 2459 639 2537 minibus
673 2460 755 2537 suis
789 2460 1010 2540 effecerunt.
1041 2462 1174 2564 Neque
1208 2462 1334 2540 solum
1358 2464 1440 2541 vivi

467 2606 584 2705 atque
602 2608 812 2706 praesentes
837 2604 1031 2682 studiosos
1055 2603 1227 2683 discendi
1254 2605 1441 2683 erudiunt

467 2748 583 2849 atque
607 2746 763 2843 docent,
787 2746 852 2822 sed
871 2746 943 2823 hoe
966 2746 1068 2823 idem
1090 2747 1208 2824 etiam
1226 2749 1313 2848 post
1330 2768 1440 2821 mor-

466 2891 545 2964 tem
586 2887 849 2965 monumentis
891 2888 1115 2966 litterarum
1158 2892 1435 2991 assequuntur.

466 3029 612 3108 Nullus
639 3030 744 3107 enirn
777 3032 885 3108 loeus
913 3031 1201 3134 praetermissus
1231 3035 1290 3108 est
1317 3032 1363 3108 ab
1390 3029 1439 3105 iis
1506 3108 1507 3111 ,

466 3174 534 3277 qui
553 3173 601 3250 ad
624 3171 872 3275 disciplinam
899 3173 1125 3275 reipublicae·
1144 3172 1373 3275 pertineret,
1397 3176 1442 3248 ut

463 3315 592 3394 otium
625 3341 741 3393 suum
775 3316 823 3392 ad
856 3318 1035 3393 nostrum
1069 3316 1291 3419 negotium,
1329 3338 1439 3391 suam

467 3456 718 3535 solitudinem
737 3458 788 3536 ad·
812 3463 987 3535 nostram
1011 3458 1272 3537 celebritatem
1296 3462 1440 3538 contu-

466 3600 560 3677 lisse
577 3599 801 3679 videantur.
824 3602 884 3678 lta
906 3602 952 3679 fit
970 3610 1015 3678 ut
1033 3627 1110 3679 non
1136 3604 1245 3679 modo
1264 3600 1332 3706 qui
1350 3626 1439 3678 ma-

466 3770 545 3848 gna
571 3749 611 3822 et
639 3744 815 3847 ingentia
843 3746 1041 3842 fecerunt,
1074 3745 1282 3823 sedetiam
1311 3745 1338 3821 ii
1372 3744 1439 3849 qui

465 3888 562 3965 alios
594 3892 638 3968 ut
670 3912 812 3990 magna
843 3890 898 3992 et)
915 3888 1070 3991 egregia
1102 3889 1226 3967 facere
1262 3891 1437 3991 possent,

466 4029 668 4134 praeceptis
691 4011 779 4107 'suis
807 4030 1038 4108 erudierunt
1062 4034 1100 4107 et
1126 4028 1343 4122 institutis,
1365 4052 1439 4129 pa-

366 4178 375 4206 *
467 4195 569 4269 rem,
600 4171 761 4250 sirecte
789 4172 971 4249 volumus
1003 4170 1173 4273 opinari,
1209 4170 1374 4273 gloriam
1402 4172 1440 4243 et

466 4314 702 4411 meruerint,
726 4317 764 4392 et
782 4314 864 4392 sint
882 4314 1066 4411 assecuti,
1090 4314 1123 4393 si
1142 4312 1296 4417 quidem
1316 4310 1441 4415 gloria
