3650 5542
787 918 986 983 ..53-

394 1136 442 1187 ex
466 1106 726 1187 familiaribus
752 1109 921 1185 maxime
948 1109 1183 1187 familiarem
1206 1120 1264 1188 :r
1287 1138 1373 1190 mea

395 1251 492 1328 mihi
526 1250 764 1329 conscientia
796 1239 922 1353 pluris
956 1254 1016 1329 est
1044 1276 1162 1354 quam
1195 1255 1372 1331 omnium

395 1392 560 1489 sermo¹;
586 1426 604 1459 a
630 1396 670 1469 et
692 1399 813 1496 quum
837 1393 1025 1470 Milonem
1055 1418 1165 1470 reum
1185 1395 1372 1474 defende-

395 1541 454 1613 ret
483 1561 491 1613 :
522 1571 540 1603 u
568 1535 650 1611 haee
680 1539 783 1611 certe
814 1561 907 1613 vera
941 1539 1056 1632 sunt,
1088 1535 1207 1614 fortes
1233 1542 1272 1616 et
1302 1566 1372 1615 sa-

392 1676 540 1778 pientes
567 1676 690 1773 virm,
722 1702 800 1753 non
826 1680 908 1753 tam
928 1676 1091 1779 praemia
1117 1678 1227 1780 sequi
1248 1681 1371 1759 solere

393 1824 495 1897 reete
518 1820 708 1897 factorum
737 1844 854 1923 quam
878 1820 964 1921 ipsa
985 1822 1088 1895 reete
1112 1818 1248 1897 laetat
1274 1854 1292 1888 „
1320 1823 1371 1899 Et

392 1987 512 2065 quum
536 1964 721 2040 moralem
741 1962 1026 2065 philosophiam
1055 1962 1253 2039 Romanos
1274 1965 1369 2041 edo-

392 2111 524 2182 oeret:
552 2140 570 2173 ιι
592 2105 690 2183 mihi
718 2105 874 2209 quidem
899 2102 1158 2180 laudabiliora
1186 2103 1370 2183 videntur

392 2246 524 2322 omnia
542 2272 628 2349 quae
648 2247 733 2324 sine
756 2244 1044 2342 venditatione,
1066 2250 1107 2322 et
1125 2245 1209 2321 sine
1229 2248 1370 2349 populo

392 2391 490 2464 teste
520 2389 633 2467 fiunt.
664 2390 751 2466 Non
780 2414 855 2493 quo
882 2388 1093 2490 fugiendus
1123 2386 1191 2479 sit,
1222 2385 1370 2491 (omnia

392 2528 496 2606 enim
515 2530 610 2607 bene
629 2532 731 2608 faeta
750 2531 790 2608 in
807 2532 894 2608 luea
913 2529 1093 2606 oollooari
1112 2526 1283 2635 volunt),
1303 2531 1368 2608 sed

391 2679 519 2750 tamen
541 2675 698 2751 nullum
717 2675 916 2751 theatrum
934 2672 1075 2750 virtuti
1100 2672 1229 2774 majus
1250 2697 1369 2749 oons-

393 2811 535 2890 oientia
554 2813 643 2892 est³.
670 2849 688 2882 v
1057 2790 1059 2795 ι

444 2955 579 3057 ltaque
613 2956 752 3030 Noster
785 2953 948 3054 imperia
981 2950 1288 3056 consulatusque
1327 2953 1368 3030 in

392 3095 622 3173 necessariis
643 3120 720 3172 non
742 3095 782 3171 in
802 3092 1026 3196 expetendis
1047 3095 1162 3171 rebus
1182 3095 1367 3196 ponebat,

390 3238 643 3341 munerisque
662 3235 848 3339 fungendi
868 3234 999 3337 gratia
1019 3235 1264 3332 subeundos,
1290 3263 1368 3315 non

388 3379 638 3481 praemiorum
658 3383 728 3455 aut
746 3377 884 3480 gloriae
909 3402 1029 3454 eausa
1055 3376 1219 3478 putabat
1245 3403 1370 3481 appe-

388 3524 545 3618 tendos;
569 3521 642 3599 sibi
662 3521 932 3624 vigilandum,
955 3520 1232 3618 laborandum,
1261 3522 1367 3599 omni

390 3662 556 3742 seientia
577 3690 622 3741 ae
645 3664 853 3767 diligentia
871 3663 1100 3740 enitendum
1121 3666 1302 3768 putabat,
1325 3670 1371 3743 ut

390 3807 569 3903 tandem,
602 3806 701 3910 quod
727 3805 801 3882 sibi
833 3802 1208 3906 praestantissimum
1237 3801 1370 3879 maxi-

391 3972 528 4050 meque
542 3947 711 4049 optabile
726 3945 946 4039 videbatur,
965 3942 1090 4020 otium
1106 3946 1145 4019 et
1162 3937 1369 4041 dignitatis
1456 3939 1476 3961 ““

424 4196 431 4228 ¹
449 4194 536 4265 Epist.
549 4194 583 4248 ad
596 4193 692 4260 Attio,
709 4193 774 4258 ΧΗ,
789 4195 832 4246 ²8.

423 4288 562 4345 2Το0001.
580 4290 684 4354 Quaest.
701 4289 737 4357 ΙΙ,
754 4290 797 4343 tl.

424 4387 435 4420 ³
449 4384 559 4443 ruem.
