3650 5542
892 833 1011 897 ..30
1058 870 1080 879 ..

564 1045 581 1076 a
608 1012 748 1090 Varias
778 1015 886 1092 falsae
920 1016 1054 1119 gloriae
1085 1016 1228 1094 formas
1262 1045 1475 1122 exponere,

507 1152 636 1230 varias
659 1156 928 1235 exeusationes
950 1156 1099 1235 debebit
1121 1159 1322 1237 confutare
1345 1161 1413 1265 qui
1433 1162 1478 1239 de

506 1293 633 1395 gloria
656 1320 732 1373 non
759 1296 920 1399 raptim,
952 1321 1030 1373 non
1056 1297 1283 1375 summatim
1308 1302 1477 1376 tractare

505 1435 645 1538 cupiet.
678 1436 863 1514 Homines
887 1437 1005 1514 etiam
1028 1437 1264 1537 hortabitur,
1292 1438 1406 1541 signa
1432 1466 1478 1517 ea

503 1579 686 1677 docende,
709 1580 849 1683 quibus
865 1579 965 1657 falsa
979 1579 1104 1681 gloria
1118 1580 1345 1683 agnoscitur
1359 1582 1477 1661 facil·
1539 1560 1541 1564 Α

444 1714 448 1719 ’
503 1717 609 1816 lime,
631 1724 676 1797 ut
695 1746 764 1798 nee
783 1720 858 1824 ipsi
873 1746 957 1798 eam
976 1727 1275 1825 prosequantur,
1299 1748 1369 1802 nee
1384 1725 1475 1801 aliis

501 1860 659 1938 faveant
676 1888 762 1939 eam
790 1863 1127 1966 prosequentibus
1160 1864 1251 1941 Sine
1274 1865 1380 1942 enim
1404 1892 1475 1943 as-

503 2007 744 2081 sentatorum
762 2004 1024 2083 blanditiiset
1048 2006 1158 2083 falsis
1183 2006 1365 2084 laudibus
1389 2006 1494 2109 ipsa„

500 2142 600 2218 falsa
617 2143 743 2245 gloria
761 2148 832 2220 aut
850 2169 927 2220 non
947 2150 1070 2242 esset,
1093 2152 1163 2222 aut
1181 2146 1248 2222 diu
1270 2150 1374 2224 stare
1394 2172 1473 2225 non

501 2286 642 2381 posset.

556 2456 574 2490 a
596 2423 671 2508 Qui
698 2423 821 2525 igitur
835 2423 975 2501 falsam
994 2425 1160 2527 gloriam
1184 2426 1333 2524 fovent,
1351 2428 1473 2530 adju·
1556 2402 1559 2411 ’

499 2566 613 2659 vant,
635 2562 664 2637 ii
684 2588 762 2639 non
783 2562 892 2640 modo
911 2562 1066 2667 iniquos
1087 2565 1295 2668 adjuvant,
1315 2568 1380 2644 sed
1400 2568 1471 2644 Dei

498 2703 654 2805 gloriae,
681 2703 751 2782 Dei
776 2706 928 2780 naturae
952 2704 1227 2805 adversantur,
1255 2711 1294 2784 et
1316 2733 1467 2804 veram,

497 2872 566 2949 pro
593 2845 702 2922 virili
731 2850 858 2946 parte,
891 2870 1021 2922 rerum
1043 2853 1248 2945 naturam,
1279 2853 1471 2925 aeternum

498 2988 634 3064 mundi
654 2988 830 3064 ordinem
846 2991 1092 3067 conturbant.
1114 2991 1470 3092 Arroganterenim

497 3128 649 3205 faciunt
663 3128 730 3233 qui
751 3129 824 3207 sibi
840 3156 926 3234 quae
942 3130 1012 3207 Dei
1025 3135 1128 3207 sunt
1142 3130 1379 3227 attribuunt,
1402 3131 1468 3233 qui

496 3269 662 3372 gloriam
683 3270 767 3346 sine
782 3269 942 3372 justitia
962 3275 1180 3368 sectantur,
1207 3276 1246 3349 et
1265 3298 1337 3347 sua
1356 3272 1469 3375 quasi

496 3411 581 3487 luee
608 3411 773 3514 eupiunt
797 3412 938 3509 nitire,
965 3437 1086 3515 quum
1106 3412 1217 3489 nulla
1242 3411 1320 3487 nisi
1347 3414 1469 3489 aDeo

497 3552 601 3649 vita,
624 3552 736 3630 nulla
754 3552 831 3629 nisi
852 3554 969 3629 aDeo
988 3552 1057 3629 lux
1073 3552 1236 3649 oriatur,
1260 3578 1336 3655 qua
1349 3554 1466 3629 bonos

495 3697 650 3770 tantum
682 3697 728 3770 et'
744 3696 874 3796 justos
900 3693 1031 3790 viroS,
1063 3692 1101 3767 id
1127 3696 1186 3767 est
1206 3693 1267 3768 sui
1296 3692 1464 3790 similes,

495 3834 706 3936 perfundit.
734 3813 774 3902 a

547 3976 641 4052 Haeo
672 3980 784 4073 sunt,
809 3976 842 4051 si
873 4001 951 4052 non
971 3975 1099 4073 fallor,
1121 4000 1214 4052 vera
1233 3979 1272 4052 et
1295 4001 1402 4053 mera
1421 3976 1467 4052 de

493 4117 618 4221 gloria
645 4117 947 4222 principia'quae
982 4116 1042 4194 vir
1070 4117 1245 4220 sapiens,
1275 4142 1351 4194 non
1382 4118 1466 4195 sine

493 4284 633 4363 magno
670 4260 793 4338 Marci
827 4260 948 4338 Tullii
987 4260 1157 4358 auxilio,
1201 4284 1390 4363 exponere
1428 4265 1466 4336 et

492 4401 679 4479 adornare
699 4407 839 4504 posset.
