<?xml version="1.0" encoding="UTF-8"?>
<!DOCTYPE html PUBLIC "-//W3C//DTD XHTML 1.0 Transitional//EN"
    "http://www.w3.org/TR/xhtml1/DTD/xhtml1-transitional.dtd">
<html xmlns="http://www.w3.org/1999/xhtml" xml:lang="en" lang="en">
 <head>
  <title>
</title>
<meta http-equiv="Content-Type" content="text/html;charset=utf-8" />
  <meta name='ocr-system' content='tesseract 3.04.00' />
  <meta name='ocr-capabilities' content='ocr_page ocr_carea ocr_par ocr_line ocrx_word'/>
</head>
<body>
  <div class='ocr_page' id='page_1' title='image "./quiddegloriasen00chargoog_0012.png"; bbox 0 0 3650 5542; ppageno 0'>
   <div class='ocr_carea' id='block_1_1' title="bbox 863 790 1044 847">
    <p class='ocr_par' dir='ltr' id='par_1_1' title="bbox 863 790 1044 847">
     <span class='ocr_line' id='line_1_1' title="bbox 863 790 1044 847; baseline 0.011 -16"><span class='ocrx_word' id='word_1_1' title='bbox 863 790 1044 847; x_wconf 66' lang='grc'>,6.-</span> 
     </span>
    </p>
   </div>
   <div class='ocr_carea' id='block_1_2' title="bbox 471 978 1446 1082">
    <p class='ocr_par' dir='ltr' id='par_1_2' title="bbox 471 978 1446 1082">
     <span class='ocr_line' id='line_1_2' title="bbox 471 978 1446 1082; baseline 0.002 -27"><span class='ocrx_word' id='word_1_2' title='bbox 471 1006 578 1056; x_wconf 88' lang='lat' dir='ltr'>mum</span> <span class='ocrx_word' id='word_1_3' title='bbox 598 979 800 1082; x_wconf 79' lang='lat' dir='ltr'><strong>fastigium</strong></span> <span class='ocrx_word' id='word_1_4' title='bbox 820 978 1008 1075; x_wconf 78' lang='lat' dir='ltr'>erexerit,</span> <span class='ocrx_word' id='word_1_5' title='bbox 1027 979 1116 1056; x_wconf 91' lang='lat' dir='ltr'>dein</span> <span class='ocrx_word' id='word_1_6' title='bbox 1136 980 1252 1057; x_wconf 88' lang='lat' dir='ltr'>solita</span> <span class='ocrx_word' id='word_1_7' title='bbox 1268 980 1350 1057; x_wconf 89' lang='lat' dir='ltr'>vice</span> <span class='ocrx_word' id='word_1_8' title='bbox 1366 980 1446 1057; x_wconf 92' lang='lat' dir='ltr'>solo</span> 
     </span>
    </p>
   </div>
   <div class='ocr_carea' id='block_1_3' title="bbox 470 1112 1447 1226">
    <p class='ocr_par' dir='ltr' id='par_1_3' title="bbox 470 1112 1447 1226">
     <span class='ocr_line' id='line_1_3' title="bbox 470 1112 1447 1226; baseline -0.001 -27"><span class='ocrx_word' id='word_1_9' title='bbox 470 1120 696 1226; x_wconf 83' lang='lat' dir='ltr'>aequaverit.</span> <span class='ocrx_word' id='word_1_10' title='bbox 728 1118 951 1197; x_wconf 78' lang='lat' dir='ltr'>Clarissimi</span> <span class='ocrx_word' id='word_1_11' title='bbox 979 1120 1056 1195; x_wconf 92' lang='lat' dir='ltr'>viri</span> <span class='ocrx_word' id='word_1_12' title='bbox 1069 1112 1083 1217; x_wconf 80' lang='lat'>,&#39;</span> <span class='ocrx_word' id='word_1_13' title='bbox 1110 1146 1244 1223; x_wconf 84' lang='lat' dir='ltr'>reges,</span> <span class='ocrx_word' id='word_1_14' title='bbox 1272 1122 1447 1225; x_wconf 87' lang='lat' dir='ltr'>impera-</span> 
     </span>
    </p>
   </div>
   <div class='ocr_carea' id='block_1_4' title="bbox 460 1261 1483 4342">
    <p class='ocr_par' dir='ltr' id='par_1_4' title="bbox 468 1261 1448 3347">
     <span class='ocr_line' id='line_1_4' title="bbox 468 1261 1447 1366; baseline -0.005 -23"><span class='ocrx_word' id='word_1_15' title='bbox 468 1270 570 1343; x_wconf 87' lang='lat' dir='ltr'>tores</span> <span class='ocrx_word' id='word_1_16' title='bbox 590 1263 725 1366; x_wconf 86' lang='lat' dir='ltr'>gloriae</span> <span class='ocrx_word' id='word_1_17' title='bbox 745 1261 927 1365; x_wconf 83' lang='lat' dir='ltr'>cupidine</span> <span class='ocrx_word' id='word_1_18' title='bbox 942 1267 1173 1359; x_wconf 85' lang='lat' dir='ltr'>creverunt,</span> <span class='ocrx_word' id='word_1_19' title='bbox 1191 1262 1327 1364; x_wconf 83' lang='lat' dir='ltr'>gloriae</span> <span class='ocrx_word' id='word_1_20' title='bbox 1342 1262 1447 1366; x_wconf 93' lang='lat' dir='ltr'>cupi·</span> 
     </span>
     <span class='ocr_line' id='line_1_5' title="bbox 469 1405 1447 1508; baseline -0.002 -24"><span class='ocrx_word' id='word_1_21' title='bbox 469 1407 561 1484; x_wconf 84' lang='lat' dir='ltr'>dine</span> <span class='ocrx_word' id='word_1_22' title='bbox 583 1405 825 1500; x_wconf 83' lang='lat' dir='ltr'>ceciderunt3</span> <span class='ocrx_word' id='word_1_23' title='bbox 849 1408 889 1481; x_wconf 91' lang='lat' dir='ltr'>et</span> <span class='ocrx_word' id='word_1_24' title='bbox 916 1407 1120 1508; x_wconf 78' lang='lat' dir='ltr'><strong>postquam</strong></span> <span class='ocrx_word' id='word_1_25' title='bbox 1146 1431 1271 1507; x_wconf 83' lang='lat' dir='ltr'>genus</span> <span class='ocrx_word' id='word_1_26' title='bbox 1298 1406 1447 1483; x_wconf 90' lang='lat' dir='ltr'>huma-</span> 
     </span>
     <span class='ocr_line' id='line_1_6' title="bbox 470 1544 1443 1647; baseline -0.007 -21"><span class='ocrx_word' id='word_1_27' title='bbox 470 1574 567 1627; x_wconf 90' lang='lat' dir='ltr'>num</span> <span class='ocrx_word' id='word_1_28' title='bbox 607 1546 804 1625; x_wconf 88' lang='lat' dir='ltr'>beneficiis</span> <span class='ocrx_word' id='word_1_29' title='bbox 848 1546 1148 1622; x_wconf 77' lang='lat' dir='ltr'>cumulaverant</span> <span class='ocrx_word' id='word_1_30' title='bbox 1193 1544 1443 1647; x_wconf 77' lang='lat' dir='ltr'>ingentibuS‚</span> 
     </span>
     <span class='ocr_line' id='line_1_7' title="bbox 470 1686 1447 1768; baseline -0.005 0"><span class='ocrx_word' id='word_1_31' title='bbox 470 1690 653 1768; x_wconf 84' lang='lat' dir='ltr'>maximis</span> <span class='ocrx_word' id='word_1_32' title='bbox 676 1690 814 1767; x_wconf 90' lang='lat' dir='ltr'>deinde</span> <span class='ocrx_word' id='word_1_33' title='bbox 837 1687 952 1765; x_wconf 89' lang='lat' dir='ltr'>malis</span> <span class='ocrx_word' id='word_1_34' title='bbox 978 1686 1203 1766; x_wconf 88' lang='lat' dir='ltr'>affecerunt.</span> <span class='ocrx_word' id='word_1_35' title='bbox 1227 1689 1283 1765; x_wconf 91' lang='lat' dir='ltr'>Ut</span> <span class='ocrx_word' id='word_1_36' title='bbox 1305 1688 1352 1766; x_wconf 91' lang='lat' dir='ltr'>dc</span> <span class='ocrx_word' id='word_1_37' title='bbox 1379 1712 1447 1764; x_wconf 91' lang='lat' dir='ltr'>re-</span> 
     </span>
     <span class='ocr_line' id='line_1_8' title="bbox 470 1830 1445 1934; baseline -0.005 -23"><span class='ocrx_word' id='word_1_38' title='bbox 470 1832 709 1911; x_wconf 90' lang='lat' dir='ltr'>centioribus</span> <span class='ocrx_word' id='word_1_39' title='bbox 753 1834 792 1907; x_wconf 87' lang='lat' dir='ltr'>et</span> <span class='ocrx_word' id='word_1_40' title='bbox 832 1830 1091 1933; x_wconf 85' lang='lat' dir='ltr'>praesentibus</span> <span class='ocrx_word' id='word_1_41' title='bbox 1140 1834 1311 1927; x_wconf 85' lang='lat' dir='ltr'>taceam,</span> <span class='ocrx_word' id='word_1_42' title='bbox 1357 1830 1445 1934; x_wconf 89' lang='lat' dir='ltr'>quis</span> 
     </span>
     <span class='ocr_line' id='line_1_9' title="bbox 469 1970 1447 2073; baseline -0.006 -21"><span class='ocrx_word' id='word_1_43' title='bbox 469 1974 712 2070; x_wconf 81' lang='lat' dir='ltr'>Alexandri,</span> <span class='ocrx_word' id='word_1_44' title='bbox 765 1971 965 2068; x_wconf 78' lang='lat' dir='ltr'>CaesariS,</span> <span class='ocrx_word' id='word_1_45' title='bbox 1020 1970 1447 2073; x_wconf 90' lang='lat' dir='ltr'>innumerabiliumque</span> 
     </span>
     <span class='ocr_line' id='line_1_10' title="bbox 470 2112 1446 2217; baseline -0.006 -22"><span class='ocrx_word' id='word_1_46' title='bbox 470 2118 638 2195; x_wconf 89' lang='lat' dir='ltr'>aliorum</span> <span class='ocrx_word' id='word_1_47' title='bbox 657 2116 868 2217; x_wconf 90' lang='lat' dir='ltr'>usurpatas</span> <span class='ocrx_word' id='word_1_48' title='bbox 888 2118 927 2190; x_wconf 93' lang='lat' dir='ltr'>et</span> <span class='ocrx_word' id='word_1_49' title='bbox 946 2114 1159 2190; x_wconf 88' lang='lat' dir='ltr'>celebratas</span> <span class='ocrx_word' id='word_1_50' title='bbox 1178 2139 1290 2190; x_wconf 83' lang='lat' dir='ltr'>voces</span> <span class='ocrx_word' id='word_1_51' title='bbox 1312 2112 1446 2189; x_wconf 90' lang='lat' dir='ltr'>statim</span> 
     </span>
     <span class='ocr_line' id='line_1_11' title="bbox 472 2254 1447 2361; baseline -0.006 -23"><span class='ocrx_word' id='word_1_52' title='bbox 472 2262 614 2339; x_wconf 88' lang='lat' dir='ltr'>referre</span> <span class='ocrx_word' id='word_1_53' title='bbox 638 2284 715 2336; x_wconf 90' lang='lat' dir='ltr'>non</span> <span class='ocrx_word' id='word_1_54' title='bbox 739 2257 880 2361; x_wconf 90' lang='lat' dir='ltr'>possit,</span> <span class='ocrx_word' id='word_1_55' title='bbox 902 2256 1044 2360; x_wconf 88' lang='lat' dir='ltr'>quibus</span> <span class='ocrx_word' id='word_1_56' title='bbox 1065 2259 1200 2334; x_wconf 87' lang='lat' dir='ltr'>tantus</span> <span class='ocrx_word' id='word_1_57' title='bbox 1220 2259 1358 2332; x_wconf 86' lang='lat' dir='ltr'>ettam</span> <span class='ocrx_word' id='word_1_58' title='bbox 1379 2254 1447 2332; x_wconf 90' lang='lat' dir='ltr'>in-</span> 
     </span>
     <span class='ocr_line' id='line_1_12' title="bbox 471 2396 1444 2502; baseline -0.005 -25"><span class='ocrx_word' id='word_1_59' title='bbox 471 2399 664 2478; x_wconf 86' lang='lat' dir='ltr'>satiabilis</span> <span class='ocrx_word' id='word_1_60' title='bbox 684 2398 819 2502; x_wconf 84' lang='lat' dir='ltr'>gloriae</span> <span class='ocrx_word' id='word_1_61' title='bbox 834 2423 942 2474; x_wconf 91' lang='lat' dir='ltr'>amor</span> <span class='ocrx_word' id='word_1_62' title='bbox 956 2396 1193 2493; x_wconf 79' lang='lat' dir='ltr'>declaratur,</span> <span class='ocrx_word' id='word_1_63' title='bbox 1213 2402 1258 2474; x_wconf 96' lang='lat' dir='ltr'>ut</span> <span class='ocrx_word' id='word_1_64' title='bbox 1272 2397 1444 2499; x_wconf 84' lang='lat' dir='ltr'>superbi,</span> 
     </span>
     <span class='ocr_line' id='line_1_13' title="bbox 472 2539 1447 2643; baseline -0.002 -25"><span class='ocrx_word' id='word_1_65' title='bbox 472 2546 517 2618; x_wconf 92' lang='lat' dir='ltr'>ut</span> <span class='ocrx_word' id='word_1_66' title='bbox 542 2540 660 2618; x_wconf 89' lang='lat' dir='ltr'>etiam</span> <span class='ocrx_word' id='word_1_67' title='bbox 683 2539 881 2615; x_wconf 86' lang='lat' dir='ltr'>dementes</span> <span class='ocrx_word' id='word_1_68' title='bbox 907 2539 1117 2616; x_wconf 84' lang='lat' dir='ltr'>videantur</span> <span class='ocrx_word' id='word_1_69' title='bbox 1140 2540 1208 2643; x_wconf 90' lang='lat' dir='ltr'>qui</span> <span class='ocrx_word' id='word_1_70' title='bbox 1238 2541 1353 2636; x_wconf 76' lang='lat' dir='ltr'>istac,</span> <span class='ocrx_word' id='word_1_71' title='bbox 1376 2565 1447 2616; x_wconf 89' lang='lat' dir='ltr'>nec</span> 
     </span>
     <span class='ocr_line' id='line_1_14' title="bbox 470 2678 1446 2783; baseline -0.002 -24"><span class='ocrx_word' id='word_1_72' title='bbox 470 2682 608 2777; x_wconf 89' lang='lat' dir='ltr'>semel,</span> <span class='ocrx_word' id='word_1_73' title='bbox 631 2678 718 2756; x_wconf 87' lang='lat' dir='ltr'>ausi</span> <span class='ocrx_word' id='word_1_74' title='bbox 744 2684 839 2756; x_wconf 89' lang='lat' dir='ltr'>sunt</span> <span class='ocrx_word' id='word_1_75' title='bbox 857 2680 1139 2782; x_wconf 71' lang='lat' dir='ltr'>pronuntiaret</span> <span class='ocrx_word' id='word_1_76' title='bbox 1158 2681 1323 2783; x_wconf 89' lang='lat' dir='ltr'>Propria</span> <span class='ocrx_word' id='word_1_77' title='bbox 1342 2681 1446 2758; x_wconf 90' lang='lat' dir='ltr'>enim</span> 
     </span>
     <span class='ocr_line' id='line_1_15' title="bbox 468 2820 1442 2924; baseline -0.001 -23"><span class='ocrx_word' id='word_1_78' title='bbox 468 2828 528 2901; x_wconf 90' lang='lat' dir='ltr'>est</span> <span class='ocrx_word' id='word_1_79' title='bbox 571 2846 812 2899; x_wconf 88' lang='lat' dir='ltr'>summorum</span> <span class='ocrx_word' id='word_1_80' title='bbox 858 2820 1034 2898; x_wconf 92' lang='lat' dir='ltr'>virorum</span> <span class='ocrx_word' id='word_1_81' title='bbox 1082 2821 1218 2924; x_wconf 84' lang='lat' dir='ltr'>gloriae</span> <span class='ocrx_word' id='word_1_82' title='bbox 1265 2822 1442 2924; x_wconf 93' lang='lat' dir='ltr'>cupido:</span> 
     </span>
     <span class='ocr_line' id='line_1_16' title="bbox 470 2960 1448 3041; baseline 0.004 -4"><span class='ocrx_word' id='word_1_83' title='bbox 470 2960 614 3037; x_wconf 90' lang='lat' dir='ltr'>summi</span> <span class='ocrx_word' id='word_1_84' title='bbox 634 2965 766 3037; x_wconf 90' lang='lat' dir='ltr'>autem</span> <span class='ocrx_word' id='word_1_85' title='bbox 785 2960 862 3037; x_wconf 90' lang='lat' dir='ltr'>viri</span> <span class='ocrx_word' id='word_1_86' title='bbox 882 2965 1029 3039; x_wconf 88' lang='lat' dir='ltr'>ceteros</span> <span class='ocrx_word' id='word_1_87' title='bbox 1050 2961 1228 3039; x_wconf 89' lang='lat' dir='ltr'>homines</span> <span class='ocrx_word' id='word_1_88' title='bbox 1243 2962 1395 3039; x_wconf 90' lang='lat' dir='ltr'>ducunt</span> <span class='ocrx_word' id='word_1_89' title='bbox 1410 2969 1448 3041; x_wconf 90' lang='lat' dir='ltr'>et</span> 
     </span>
     <span class='ocr_line' id='line_1_17' title="bbox 469 3098 1447 3205; baseline 0.001 -26"><span class='ocrx_word' id='word_1_90' title='bbox 469 3104 635 3205; x_wconf 80' lang='lat' dir='ltr'>regunt:</span> <span class='ocrx_word' id='word_1_91' title='bbox 656 3100 712 3177; x_wconf 88' lang='lat' dir='ltr'>ita</span> <span class='ocrx_word' id='word_1_92' title='bbox 731 3101 776 3178; x_wconf 89' lang='lat' dir='ltr'>fit</span> <span class='ocrx_word' id='word_1_93' title='bbox 793 3106 839 3178; x_wconf 91' lang='lat' dir='ltr'>ut</span> <span class='ocrx_word' id='word_1_94' title='bbox 858 3101 899 3178; x_wconf 93' lang='lat' dir='ltr'>in</span> <span class='ocrx_word' id='word_1_95' title='bbox 921 3098 1036 3180; x_wconf 86' lang='lat' dir='ltr'>rebus</span> <span class='ocrx_word' id='word_1_96' title='bbox 1057 3103 1244 3179; x_wconf 90' lang='lat' dir='ltr'>humanis</span> <span class='ocrx_word' id='word_1_97' title='bbox 1270 3104 1447 3181; x_wconf 90' lang='lat' dir='ltr'>studium</span> 
     </span>
     <span class='ocr_line' id='line_1_18' title="bbox 468 3244 1243 3347; baseline 0.003 -23"><span class='ocrx_word' id='word_1_98' title='bbox 468 3247 567 3324; x_wconf 90' lang='lat' dir='ltr'>illud</span> <span class='ocrx_word' id='word_1_99' title='bbox 587 3244 721 3347; x_wconf 83' lang='lat' dir='ltr'>magni</span> <span class='ocrx_word' id='word_1_100' title='bbox 741 3245 928 3323; x_wconf 88' lang='lat' dir='ltr'>momenti</span> <span class='ocrx_word' id='word_1_101' title='bbox 948 3272 1032 3324; x_wconf 85' lang='lat' dir='ltr'>esse</span> <span class='ocrx_word' id='word_1_102' title='bbox 1051 3247 1243 3326; x_wconf 89' lang='lat' dir='ltr'>videatur.</span> 
     </span>
    </p>

    <p class='ocr_par' dir='ltr' id='par_1_5' title="bbox 460 3386 1483 4342">
     <span class='ocr_line' id='line_1_19' title="bbox 522 3386 1448 3490; baseline 0.004 -26"><span class='ocrx_word' id='word_1_103' title='bbox 522 3387 695 3490; x_wconf 80' lang='lat' dir='ltr'>Dignum</span> <span class='ocrx_word' id='word_1_104' title='bbox 720 3386 845 3489; x_wconf 82' lang='lat' dir='ltr'>igitur</span> <span class='ocrx_word' id='word_1_105' title='bbox 868 3393 972 3466; x_wconf 86' lang='lat' dir='ltr'>esset</span> <span class='ocrx_word' id='word_1_106' title='bbox 990 3390 1075 3467; x_wconf 86' lang='lat' dir='ltr'>viro</span> <span class='ocrx_word' id='word_1_107' title='bbox 1094 3391 1249 3468; x_wconf 88' lang='lat' dir='ltr'>erudito</span> <span class='ocrx_word' id='word_1_108' title='bbox 1270 3389 1448 3468; x_wconf 87' lang='lat' dir='ltr'>simulet</span> 
     </span>
     <span class='ocr_line' id='line_1_20' title="bbox 460 3528 1483 3631; baseline 0.004 -26"><span class='ocrx_word' id='word_1_109' title='bbox 460 3528 665 3631; x_wconf 85' lang='lat' dir='ltr'>sapiente,</span> <span class='ocrx_word' id='word_1_110' title='bbox 689 3556 712 3605; x_wconf 91' lang='lat' dir='ltr'>a</span> <span class='ocrx_word' id='word_1_111' title='bbox 731 3529 952 3627; x_wconf 75' lang='lat' dir='ltr'>radicibuS,</span> <span class='ocrx_word' id='word_1_112' title='bbox 976 3536 1021 3609; x_wconf 94' lang='lat' dir='ltr'>ut</span> <span class='ocrx_word' id='word_1_113' title='bbox 1040 3532 1096 3609; x_wconf 91' lang='lat' dir='ltr'>ita</span> <span class='ocrx_word' id='word_1_114' title='bbox 1114 3532 1263 3628; x_wconf 90' lang='lat' dir='ltr'>dicam,</span> <span class='ocrx_word' id='word_1_115' title='bbox 1286 3532 1443 3629; x_wconf 89' lang='lat' dir='ltr'>limare,</span> <span class='ocrx_word' id='word_1_116' title='bbox 1482 3594 1483 3599; x_wconf 65' lang='lat'>,</span> 
     </span>
     <span class='ocr_line' id='line_1_21' title="bbox 468 3672 1447 3775; baseline 0.002 -27"><span class='ocrx_word' id='word_1_117' title='bbox 468 3676 507 3749; x_wconf 86' lang='lat' dir='ltr'>et</span> <span class='ocrx_word' id='word_1_118' title='bbox 534 3672 691 3774; x_wconf 90' lang='lat' dir='ltr'>penitus</span> <span class='ocrx_word' id='word_1_119' title='bbox 717 3672 971 3775; x_wconf 84' lang='lat' dir='ltr'>introspicere</span> <span class='ocrx_word' id='word_1_120' title='bbox 995 3672 1104 3749; x_wconf 90' lang='lat' dir='ltr'>illam</span> <span class='ocrx_word' id='word_1_121' title='bbox 1128 3672 1265 3775; x_wconf 86' lang='lat' dir='ltr'>gloriae</span> <span class='ocrx_word' id='word_1_122' title='bbox 1289 3673 1447 3775; x_wconf 91' lang='lat' dir='ltr'>cupidi-</span> 
     </span>
     <span class='ocr_line' id='line_1_22' title="bbox 469 3814 1443 3917; baseline 0.002 -28"><span class='ocrx_word' id='word_1_123' title='bbox 469 3839 557 3890; x_wconf 90' lang='lat' dir='ltr'>nem</span> <span class='ocrx_word' id='word_1_124' title='bbox 586 3841 674 3917; x_wconf 89' lang='lat' dir='ltr'>quae</span> <span class='ocrx_word' id='word_1_125' title='bbox 701 3814 874 3892; x_wconf 83' lang='lat' dir='ltr'>maxima</span> <span class='ocrx_word' id='word_1_126' title='bbox 900 3814 1011 3892; x_wconf 89' lang='lat' dir='ltr'>modo</span> <span class='ocrx_word' id='word_1_127' title='bbox 1038 3815 1162 3910; x_wconf 88' lang='lat' dir='ltr'>mala,</span> <span class='ocrx_word' id='word_1_128' title='bbox 1185 3814 1295 3891; x_wconf 90' lang='lat' dir='ltr'>modo</span> <span class='ocrx_word' id='word_1_129' title='bbox 1322 3817 1443 3910; x_wconf 90' lang='lat' dir='ltr'>bona,</span> 
     </span>
     <span class='ocr_line' id='line_1_23' title="bbox 467 3954 1446 4060; baseline 0.006 -31"><span class='ocrx_word' id='word_1_130' title='bbox 467 3954 640 4032; x_wconf 88' lang='lat' dir='ltr'>humano</span> <span class='ocrx_word' id='word_1_131' title='bbox 663 3956 797 4057; x_wconf 79' lang='lat' dir='ltr'>generi</span> <span class='ocrx_word' id='word_1_132' title='bbox 818 3957 1016 4053; x_wconf 89' lang='lat' dir='ltr'>attulerit,</span> <span class='ocrx_word' id='word_1_133' title='bbox 1042 3956 1096 4033; x_wconf 92' lang='lat' dir='ltr'>ita</span> <span class='ocrx_word' id='word_1_134' title='bbox 1116 3961 1161 4033; x_wconf 96' lang='lat' dir='ltr'>ut</span> <span class='ocrx_word' id='word_1_135' title='bbox 1181 3983 1268 4059; x_wconf 88' lang='lat' dir='ltr'>quae</span> <span class='ocrx_word' id='word_1_136' title='bbox 1289 3956 1341 4035; x_wconf 93' lang='lat' dir='ltr'>sit</span> <span class='ocrx_word' id='word_1_137' title='bbox 1359 3959 1446 4060; x_wconf 87' lang='lat' dir='ltr'>ejus</span> 
     </span>
     <span class='ocr_line' id='line_1_24' title="bbox 467 4096 1444 4202; baseline 0.004 -31"><span class='ocrx_word' id='word_1_138' title='bbox 467 4100 632 4192; x_wconf 87' lang='lat' dir='ltr'>natura,</span> <span class='ocrx_word' id='word_1_139' title='bbox 652 4097 754 4174; x_wconf 93' lang='lat' dir='ltr'>unde</span> <span class='ocrx_word' id='word_1_140' title='bbox 774 4096 928 4194; x_wconf 85' lang='lat' dir='ltr'>veniat,</span> <span class='ocrx_word' id='word_1_141' title='bbox 947 4122 1044 4200; x_wconf 91' lang='lat' dir='ltr'>quas</span> <span class='ocrx_word' id='word_1_142' title='bbox 1065 4122 1151 4198; x_wconf 89' lang='lat' dir='ltr'>spes</span> <span class='ocrx_word' id='word_1_143' title='bbox 1171 4097 1330 4193; x_wconf 89' lang='lat' dir='ltr'>habeat,</span> <span class='ocrx_word' id='word_1_144' title='bbox 1348 4124 1444 4202; x_wconf 88' lang='lat' dir='ltr'>quos</span> 
     </span>
     <span class='ocr_line' id='line_1_25' title="bbox 468 4236 1445 4342; baseline 0.003 -31"><span class='ocrx_word' id='word_1_145' title='bbox 468 4236 621 4313; x_wconf 90' lang='lat' dir='ltr'>fructus</span> <span class='ocrx_word' id='word_1_146' title='bbox 642 4238 764 4335; x_wconf 88' lang='lat' dir='ltr'>ferat,</span> <span class='ocrx_word' id='word_1_147' title='bbox 786 4239 892 4317; x_wconf 91' lang='lat' dir='ltr'>intra</span> <span class='ocrx_word' id='word_1_148' title='bbox 917 4266 1011 4342; x_wconf 86' lang='lat' dir='ltr'>quos</span> <span class='ocrx_word' id='word_1_149' title='bbox 1040 4238 1229 4316; x_wconf 87' lang='lat' dir='ltr'>terminos</span> <span class='ocrx_word' id='word_1_150' title='bbox 1253 4238 1445 4315; x_wconf 90' lang='lat' dir='ltr'>contineri</span> 
     </span>
    </p>
   </div>
   <div class='ocr_carea' id='block_1_5' title="bbox 0 0 1830 5542">
    <p class='ocr_par' dir='ltr' id='par_1_6' title="bbox 0 0 1830 5542">
     <span class='ocr_line' id='line_1_26' title="bbox 0 0 1830 5542; baseline 0 0"><span class='ocrx_word' id='word_1_151' title='bbox 0 0 1830 5542; x_wconf 95' lang='lat' dir='ltr'> </span> 
     </span>
    </p>
   </div>
  </div>
 </body>
</html>
