3650 5542
879 882 1079 947 ,58-

490 1074 653 1166 nerunt3
677 1095 768 1147 nam
788 1071 857 1173 qui
877 1070 979 1149 nihil
1006 1076 1235 1174 optaverant
1261 1072 1341 1148 nisi
1369 1099 1465 1151 mor·

490 1211 587 1307 tale,
609 1210 711 1288 nihil
731 1211 810 1288 nisi
830 1213 994 1291 mortale
1013 1216 1053 1291 et
1076 1213 1270 1291 incertum
1294 1214 1466 1293 obtinue-

492 1356 601 1429 runt.
1449 1320 1453 1335 ⁹

542 1496 599 1571 De
623 1495 755 1571 Marco
782 1494 912 1571 Tullio
939 1494 1054 1597 longe
1078 1495 1193 1573 aliter
1221 1521 1290 1598 ego
1310 1496 1465 1599 quidam

484 1636 758 1738 judicaverim.
795 1635 905 1712 Licet
937 1635 1062 1732 enim,
1099 1642 1145 1713 ut
1177 1663 1278 1739 saepe
1297 1638 1464 1715 confessi

490 1802 646 1874 sumus,
669 1777 804 1854 laudes
824 1782 862 1853 et
881 1779 1047 1873 famam,
1079 1777 1288 1881 plusquam
1308 1803 1466 1857 neccsse

489 1926 527 1996 et
545 1918 767 2020 legitimum
785 1923 883 2014 erat,
907 1919 1118 2015 amaverit,
1137 1945 1223 1995 eam
1237 1923 1368 2029 tamen
1384 1921 1464 2022 glo-

488 2059 559 2136 riae
584 2060 748 2135 formam
773 2059 846 2136 sibi
872 2084 1023 2161 semper
1046 2060 1249 2162 proposuit
1271 2086 1359 2163 quae
1383 2086 1462 2139 non

489 2199 633 2302 signu,
670 2224 748 2276 non
777 2200 1064 2296 monumentis,
1101 2226 1178 2277 non
1207 2201 1394 2305 lacrymis
1426 2207 1466 2279 et

490 2338 704 2442 sanguine,
726 2363 804 2416 non
824 2338 975 2441 ingenti
991 2339 1275 2437 dominatione,
1293 2340 1359 2417 sed
1379 2366 1466 2443 gra·

489 2484 530 2557 ta
548 2480 754 2557 hominum
774 2483 928 2556 constat
943 2478 1146 2576 memoria,
1165 2504 1252 2583 quae
1268 2480 1407 2557 multis
1424 2480 1466 2557 in

488 2622 657 2724 patriam
675 2620 896 2717 beneficiis,
925 2622 1052 2698 multa
1077 2620 1295 2717 industria,
1324 2646 1466 2724 magno

488 2764 528 2837 et
542 2760 633 2837 utili
647 2761 777 2837 labore
792 2764 1056 2863 comparatur,
1075 2784 1160 2836 eam
1175 2760 1332 2836 tandem
1347 2785 1466 2863 quam

490 2901 749 2979 certissimam
779 2905 819 2978 et
852 2902 966 2978 nulla
993 2901 1245 2977 interituram
1270 2904 1467 2978 vetustate

489 3040 665 3118 obtinent
683 3066 761 3119 non
781 3042 848 3145 qui
868 3040 982 3137 alios,
1005 3040 1070 3116 sed
1090 3040 1158 3144 qui
1178 3066 1219 3117 se
1233 3039 1464 3137 devicerint,

489 3180 557 3283 qui
575 3180 706 3257 omnia
725 3185 812 3283 post
830 3185 981 3258 rectum
1002 3178 1203 3283 posuerint
1221 3184 1259 3257 ct
1277 3178 1463 3258 officium.

488 3319 599 3396 Talia
625 3322 796 3423 optanti,
825 3322 866 3397 in
890 3320 988 3399 talia
1011 3317 1246 3415 elaboranti,
1272 3344 1376 3396 mors
1404 3322 1465 3397 vcl

489 3460 726 3558 immatura,
747 3462 810 3539 vel
835 3461 1110 3538 crudelissima
1128 3460 1353 3563 aequissimo
1372 3460 1467 3537 ani-

489 3628 551 3679 mo
583 3604 803 3705 oppetitur,
836 3629 959 3708 quum
993 3602 1075 3680 suis
1106 3629 1146 3680 se
1178 3603 1361 3681 laudibus
1384 3604 1468 3682 vita

488 3742 666 3820 occidens
694 3743 888 3822 consolari
915 3748 1054 3847 potest.
1082 3744 1203 3821 Nemo
1230 3768 1369 3845 parum
1398 3741 1465 3819 diu

488 3884 589 3961 vixit
612 3884 679 3987 qui
699 3884 861 3962 virtutis
882 3885 1061 3987 perfectae
1080 3884 1283 3987 perfuncto
1306 3881 1466 3959 functus

488 4026 547 4099 est
562 4048 738 4102 munere.
758 4027 859 4101 Eum
875 4024 994 4101 etiam
1010 4024 1181 4101 invitum
1196 4048 1274 4099 non
1290 4022 1467 4125 quaedam

488 4166 626 4241 umbra
659 4165 829 4267 gloriae,
865 4166 931 4243 scd
967 4164 1052 4267 ipsa
1084 4190 1176 4241 vera
1208 4164 1467 4265 consequetur

487 4308 628 4408 gloria.
