3650 5542
866 891 1063 955 „74-

506 1142 510 1146 ,
534 1110 553 1142 n
574 1077 706 1161 Quum
726 1076 810 1179 ipsa
829 1104 896 1179 per
916 1106 976 1175 se,
998 1080 1150 1157 volente
1169 1083 1324 1185 quidem
1344 1086 1444 1183 Deo,

478 1219 602 1295 niteat
621 1219 803 1316 materia,
826 1223 863 1295 et
884 1220 924 1296 in
945 1221 1119 1299 minimis
1139 1217 1248 1301 velut
1268 1224 1309 1301 in
1329 1225 1448 1303 mani·

477 1361 552 1437 mis
573 1362 703 1457 rebuS,
726 1362 870 1437 summi
890 1362 1039 1465 opificis
1060 1362 1224 1461 rationi,
1247 1363 1444 1466 potentiae,

478 1500 648 1579 libertati
668 1501 956 1605 amplissimum
977 1504 1243 1582 testimonium
1263 1506 1443 1607 praebeat,

476 1644 568 1748 quid
588 1669 658 1721 nos
685 1645 857 1722 dicemus
877 1645 923 1720 de
949 1646 1135 1742 materia,
1158 1671 1275 1749 quam
1301 1646 1446 1724 nudam

477 1793 517 1865 et
535 1789 739 1866 informem
760 1789 873 1865 homo
899 1815 1020 1891 quum
1049 1788 1265 1885 invenerit,
1293 1793 1443 1885 mente,

477 1958 596 2015 manu
631 1932 772 2008 format
798 1935 837 2008 et
863 1932 995 2035 fingit,
1027 1932 1083 2009 ita
1113 1937 1157 2009 ut
1183 1932 1447 2036 pulcherrima

476 2079 533 2152 tot
565 2073 711 2150 artium
745 2073 937 2150 miracula
971 2074 1103 2152 statim
1130 2076 1329 2171 eluceant,
1359 2101 1445 2179 qum

479 2217 604 2293 Deum
633 2215 758 2317 magis
789 2240 833 2289 ac
862 2214 987 2315 magis
1017 2216 1196 2291 omnibus
1230 2220 1366 2291 notum
1395 2214 1446 2291 fa·

478 2359 589 2435 ciunt
608 2364 646 2435 et
669 2359 958 2435 admirandum.
985 2358 1108 2444 Quem
1132 2357 1235 2435 enim
1260 2357 1445 2460 potiorem

479 2523 594 2575 usum
629 2499 803 2596 musica,
841 2499 1016 2601 pictura,
1051 2499 1200 2601 poesia,
1230 2504 1274 2577 ut
1300 2502 1445 2577 ceteras

477 2642 655 2720 omittam
670 2646 794 2740 artes,
818 2644 958 2722 habere
977 2647 1141 2745 possunt
1159 2643 1236 2719 nisi
1257 2647 1302 2720 ut
1320 2645 1445 2722 Deum

381 2800 384 2811 ’
477 2786 515 2858 et
540 2783 612 2859 Dei
640 2809 755 2885 opera
781 2783 1066 2880 concelebrent,
1096 2784 1174 2860 nisi
1200 2788 1244 2861 ut
1269 2784 1444 2861 homines

475 2925 523 3001 ad
557 2924 682 3002 Deum
714 2924 950 3001 imitandum
982 2926 1086 3001 omni
1122 2925 1288 3015 ratione,
1323 2923 1443 3000 variis

475 3070 592 3146 etiam
609 3067 779 3145 invitent
794 3067 1006 3144 illecebris?
1020 3070 1119 3145 Tum
1136 3068 1220 3171 ipsa
1234 3093 1440 3165 marmora,

475 3216 560 3288 tum
581 3211 656 3313 ipsi
676 3210 824 3313 lapides
849 3211 895 3286 ad
921 3209 1062 3286 coelum
1086 3209 1197 3314 quasi
1219 3214 1353 3312 sponte
1373 3235 1444 3286 sua

474 3353 573 3454 erigi
594 3352 793 3430 videntur.
816 3353 916 3428 Tum
940 3378 1001 3428 res
1028 3353 1075 3429 ad
1096 3377 1227 3429 rerum
1246 3355 1443 3429 auctorem

473 3504 513 3577 et
557 3501 837 3577 moderatorem
883 3501 1195 3601 praedicandum,
1235 3502 1444 3605 quamdam

474 3647 603 3719 mente
630 3641 799 3719 hominis
832 3641 946 3745 quasi
980 3641 1243 3745 depromptam
1275 3647 1442 3719 mentem

473 3784 686 3887 accipiunt.
718 3785 774 3861 De
801 3810 877 3888 quo
910 3787 1033 3861 restat
1058 3808 1164 3859 nunc
1197 3788 1243 3860 ut
1267 3782 1442 3860 dicamus

364 4043 366 4047 Ι
473 3929 565 4032 quid
594 3928 641 4003 ad
665 3927 831 4029 gloriam
857 3927 929 4005 Dei
958 3926 1147 4024 conferat,
1177 3927 1332 4031 qualem
1361 3929 1442 4030 ipse
1537 4026 1542 4034 Ι

470 4070 635 4172 gloriam
654 4075 786 4172 optare
804 4072 939 4147 debeat
958 4075 996 4147 et
1015 4070 1208 4174 persequi.

528 4246 546 4278 a
569 4212 830 4316 Quaecumque
850 4213 926 4289 Dei·
941 4217 1057 4310 sunt,
1080 4217 1126 4290 ab
1148 4213 1215 4290 illo
1228 4212 1331 4289 sicut
1350 4213 1441 4289 vitae

472 4352 528 4430 ita
548 4353 683 4458 gloriae
706 4354 896 4460 quoddam
925 4356 1084 4432 initium
1105 4357 1291 4458 ceperunt
1307 4355 1353 4431 ab
1372 4378 1442 4429 or—
