3650 5542
756 865 953 929 ..29-

373 1055 547 1132 studium
571 1054 730 1149 attinet,
756 1055 892 1131 multis
918 1059 956 1130 et
979 1054 1209 1131 clarissimis
1235 1054 1336 1130 inter

373 1197 568 1273 Romanos
597 1199 806 1297 antepono,
832 1195 905 1296 ipsi
931 1195 1068 1298 Syllae,
1087 1194 1161 1296 ipsi
1177 1194 1336 1271 Caesari.

372 1335 494 1420 Quem
513 1334 547 1409 si
567 1333 724 1436 quidam
747 1334 918 1436 imperiti
937 1335 983 1410 de
1008 1334 1131 1436 seipso
1150 1332 1341 1409 dictitan-

373 1478 451 1551 tem
472 1473 513 1549 in
537 1473 662 1550 risum
686 1473 898 1569 verterint,
930 1498 999 1574 ego
1025 1473 1146 1575 hujus
1175 1471 1341 1574 gloriam

373 1613 523 1690 nullius
547 1611 699 1689 honesti
719 1612 795 1687 viri
819 1611 1003 1715 lacrymis
1023 1602 1209 1689 et'dolore
1229 1638 1342 1714 quae-

373 1751 489 1828 sitam
528 1750 650 1828 fuisse
692 1750 867 1828 oblivisci
910 1775 988 1827 non
1030 1777 1201 1853 possum.
1238 1751 1342 1828 Illud

372 1890 490 1965 etiam
508 1889 653 1967 fatebor
671 1915 679 1968 :
699 1915 759 1966 me
769 1892 885 1993 juvat
903 1889 1018 1966 illum
1034 1892 1164 1969 videre
1183 1896 1342 1969 tantum

281 2054 286 2067 “
374 2033 413 2105 et
438 2032 517 2105 tam
543 2028 737 2131 insignem
762 2030 912 2127 virum,
936 2029 1037 2106 nihil
1057 2032 1157 2133 quod
1181 2030 1343 2106 mortale

375 2170 446 2266 sit,
483 2174 751 2273 respuentem,
783 2170 940 2247 nullum
972 2171 1189 2247 humanum
1223 2169 1343 2247 affco-
1419 2218 1424 2231 ·

376 2315 461 2404 turn
483 2311 749 2414 abjicientem,
771 2336 842 2388 nec
862 2337 902 2388 se
920 2312 968 2388 ad
989 2312 1027 2388 id
1047 2312 1250 2414 fastigium
1270 2338 1344 2387 ex-

376 2452 510 2528 tollere
529 2457 766 2551 tentantem,
789 2478 864 2556 quo
885 2454 1109 2555 pervenisse
1129 2453 1196 2555 qui
1217 2478 1257 2529 se
1277 2478 1344 2554 pu-

376 2595 580 2689 taverunt,
612 2593 651 2669 id
679 2597 844 2695 egerunt
872 2594 1003 2689 mode,
1023 2597 1090 2690 ut,
1116 2618 1237 2696 quum
1262 2594 1344 2695 jam

376 2756 445 2807 nec
465 2732 640 2810 homines
663 2739 816 2831 essent,
835 2759 905 2810 nec
924 2733 978 2809 dii
999 2739 1128 2810 tamen
1148 2759 1231 2810 esse
1251 2758 1345 2834 pos-

377 2875 479 2968 sent,
503 2898 643 2950 novam
662 2876 775 2977 quasi
795 2880 977 2951 naturam
998 2875 1198 2977 superbia,
1224 2874 1345 2950 saevi-

376 3008 445 3105 tia,
460 3012 632 3090 stultitia
646 3015 851 3091 conflatam
868 3012 1100 3090 induerint¹.
1118 3016 1172 3089 De
1188 3015 1343 3109 Nostm,

378 3149 410 3225 si
430 3174 625 3258 nusquam
643 3158 688 3233 de
708 3157 804 3252 alic,
827 3156 904 3231 dici
920 3158 1010 3258 jure
1031 3156 1182 3257 potuit:

394 3404 494 3465 Homo
508 3421 584 3464 aum
598 3409 691 3480 utque
703 3401 842 3463 haimoni
855 3401 939 3462 otior
951 3418 972 3461 o
990 3419 1038 3462 me
1051 3401 1201 3462 alienum
1214 3400 1322 3479 paim.

414 3650 421 3683 ⁴
435 3648 497 3701 Fuit
512 3647 584 3702 enim
596 3646 705 3719 quidam
723 3661 829 3701 summo
844 3645 954 3715 ingenio
970 3644 1012 3700 vic
1024 3646 1111 3715 Zeno,
1125 3648 1202 3717 cujus
1219 3646 1347 3701 iuvento-

377 3751 436 3790 rum
447 3734 537 3791 aemuli
549 3735 631 3790 Stoici
645 3735 827 3790 nominantur.
841 3734 929 3804 Hujus
943 3733 1086 3789 sententia
1098 3741 1161 3789 sunt
1173 3740 1200 3789 et
1210 3742 1348 3805 praecepm

376 3826 434 3896 ejus
454 3822 525 3878 modi
540 3823 708 3894 :sapientem
722 3822 809 3894 gratia
823 3837 962 3894 nunquam
978 3821 1100 3889 moveri,
1117 3837 1257 3893 nunquam
1270 3823 1348 3892 cujus

377 3928 459 3984 quam
472 3913 571 3968 delicto
588 3912 745 3984 ignoscere,
759 3912 894 3967 neminem
909 3910 1113 3967 misericordem
1128 3926 1203 3979 osse,
1215 3910 1267 3966 nisi
1283 3911 1349 3966 stul·

378 4010 474 4059 tumet
488 4003 574 4059 levem
578 4045 630 4057 .....
644 4003 734 4058 omnia
749 4010 860 4073 peccata
873 4017 934 4056 esse
947 4002 1041 4073 paria,
1056 4017 1136 4056 omno
1148 4000 1280 4056 delictum
1291 4017 1349 4056 sce·

377 4093 418 4147 lus
430 4107 489 4147 esse
497 4091 662 4147 nefarium...
674 4091 824 4162 sapientem
834 4090 900 4145 nihil
911 4090 1028 4162 opinari,
1041 4088 1140 4145 nullius
1151 4090 1192 4145 rei
1204 4090 1347 4162 poenitere,

378 4181 459 4236 mulla
474 4182 501 4236 in
516 4198 545 4237 re
558 4181 629 4249 falli,
643 4181 805 4236 sententiam
821 4188 926 4236 mutare
942 4195 1081 4251 nunquam
1097 4180 1160 4252 (Pro
1174 4179 1317 4249 Muraena).

413 4286 425 4322 ²
439 4286 498 4342 Hoc
512 4286 651 4357 proprium
664 4291 706 4341 est
717 4286 801 4340 animi
816 4285 885 4341 bene
897 4284 1056 4352 constituti,
1071 4289 1097 4338 et
1110 4282 1196 4338 laetari
1210 4282 1289 4339 bonis
1304 4298 1349 4337 re·

378 4375 429 4431 bus
439 4420 445 4444 ,
457 4382 484 4430 et
497 4373 589 4429 dolero
603 4374 748 4430 contrariis
764 4374 950 4448 (Deamicitia,
967 4374 1021 4439 tr).
