3650 5542
859 826 1037 887 -3-
1254 846 1287 881 ,s

513 1014 629 1088 Falsa
645 1013 748 1087 enirn
768 1013 814 1087 de
833 1014 965 1088 Marcu
984 1013 1114 1089 'l'ulliu
1134 1017 1329 1092 sententia
1343 1045 1435 1119 pau-

459 1154 572 1231 latim
590 1152 845 1256 percrebruit,
864 1179 951 1256 quae
958 1154 1042 1255 jam
1057 1153 1155 1255 legis
1172 1154 1299 1232 instar
1314 1158 1433 1253 valet,

457 1300 496 1371 et
515 1295 578 1371 cui
599 1320 669 1371 nes
690 1319 767 1371 nen
787 1294 946 1371 omnine
966 1294 1219 1373 assentimur.
1243 1298 1344 1372 Eum
1365 1296 1436 1373 sci·

457 1436 549 1513 licet
571 1436 695 1513 fuisse
718 1435 856 1512 dicunt
875 1435 943 1538 qui
967 1434 1123 1512 inanem
1149 1434 1280 1511 inanis
1300 1434 1435 1537 gloriae
1479 1504 1485 1519 ,

457 1582 654 1674 umbram,
677 1602 779 1654 ccccc
798 1602 929 1653 amore
949 1582 1104 1679 raptus,
1128 1603 1252 1680 usque
1271 1581 1310 1653 ct
1330 1577 1436 1655 ultra

458 1723 615 1798 modum
643 1723 920 1823 aucuparetur.
953 1720 1053 1795 Eum
1079 1720 1135 1796 ita
1158 1720 1233 1796 levi
1255 1725 1293 1797 et
1319 1721 1437 1797 infir-

456 1888 520 1939 ma
540 1867 669 1939 mente
689 1862 865 1963 fingunt,
889 1865 935 1938 ut
952 1865 1010 1938 tot
1029 1861 1214 1963 praeclare
1233 1859 1355 1957 facta,
1378 1864 1436 1937 tot

455 2006 610 2109 egregie
641 2005 746 2081 dicta
772 2029 884 2080 vanae
912 2005 1118 2107 cujusdam
1145 2009 1184 2081 et
1208 2030 1298 2082 mex
1325 2004 1435 2107 peri-

455 2153 556 2225 turae
575 2147 689 2223 famae
709 2145 915 2248 cupiditati
935 2143 1167 2227 attribuant.
1190 2149 1320 2225 Multa
1339 2146 1434 2252 qui-

454 2291 541 2367 dem
579 2288 715 2365 multis
752 2287 792 2363 in
823 2287 919 2364 locis
947 2290 993 2366 de
1028 2289 1154 2391 gloria
1187 2292 1242 2370 M.
1276 2289 1433 2367 Tullius

454 2432 576 2526 dixit3
613 2437 730 2534 atque
766 2430 920 2506 utinam
951 2430 983 2507 is
1010 2432 1107 2510 liber
1136 2435 1183 2510 ad
1210 2460 1280 2511 nos
1311 2459 1434 2537 usque

453 2574 714 2676 pervenisset,
754 2598 869 2677 quem
905 2576 952 2651 de
988 2601 1033 2652 ea
1071 2577 1281 2679 scripserat
1317 2582 1433 2655 aetate

449 2718 533 2818 jam
554 2714 729 2793 matura!
753 2715 825 2792 llle
844 2716 949 2793 enim
967 2722 1023 2795 tot
1036 2718 1257 2797 illustrium
1277 2746 1432 2797 reorum

454 2863 643 2962 patronus
686 2858 840 2935 sibimet
870 2859 975 2961 ipsi,
1015 2862 1171 2966 propria
1208 2862 1249 2938 in
1287 2887 1429 2960 causa,

454 3024 532 3076 nen
569 2998 784 3096 defuisset,
816 3026 1026 3106 omnesque
1059 3030 1140 3080 suae
1177 3006 1431 3108 praestantis-

454 3140 563 3216 simae
601 3145 753 3218 naturae
792 3142 1045 3222 insectatores
1088 3146 1283 3224 docuisset
1322 3147 1431 3225 illam

452 3283 516 3358 cui
538 3259 784 3381 inservierit,
812 3284 977 3387 gloriam
998 3290 1037 3362 et
1054 3287 1281 3389 pulchram,
1303 3292 1342 3365 et
1362 3316 1431 3366 sc-

453 3430 591 3527 lidum,
614 3435 653 3506 et
670 3433 768 3508 bene
789 3431 909 3508 simul
930 3459 974 3509 ac
994 3459 1152 3511 romane
1167 3436 1251 3513 viro
1270 3436 1430 3538 dignam

453 3597 550 3647 esse.

504 3710 622 3786 llulti
643 3714 773 3789 laisan
789 3717 856 3818 qui
877 3718 1023 3819 optima
1044 3745 1112 3796 nec
1134 3722 1305 3797 humano
1325 3724 1430 3800 laute

451 3860 536 3930 urta
572 3855 748 3932 doctriua
785 3865 880 3935 sunt
911 3860 1108 3958 instituti,
1142 3890 1308 3965 quorum
1348 3866 1428 3967 ipse

451 3998 578 4094 Deua,
615 4007 660 4074 ut
691 3999 746 4076 ita
777 4001 925 4099 dicam,
958 4009 1126 4082 mentem
1157 4006 1314 4108 propria
1342 4009 1429 4085 luce

451 4133 688 4226 illustravit,
719 4144 874 4243 propria
901 4145 1048 4223 virtute
1078 4148 1266 4242 firmavit,
1296 4150 1430 4226 verie-

450 4304 530 4356 rem
552 4280 670 4358 simul
692 4289 730 4360 et
748 4287 975 4388 aurpliureur
996 4291 1079 4366 suis
1100 4291 1320 4389 laboribuS,
1345 4293 1428 4369 suis
