3650 5542
792 882 992 943 ..45-

408 1070 448 1146 in
475 1070 570 1148 vitio
596 1074 667 1148 est.
691 1070 881 1157 Quocirca
900 1095 1013 1149 nemo
1037 1072 1104 1176 qui
1132 1072 1378 1149 fortitudinis

406 1210 572 1314 gloriam
600 1216 832 1290 consecutus
865 1215 947 1308 est,
980 1211 1134 1289 insidiis
1162 1216 1201 1289 et
1226 1212 1379 1289 malitia

406 1354 562 1432 laudem
588 1358 649 1432 est
674 1356 851 1458 adeptus.
879 1354 991 1433 Nihil
1018 1353 1123 1432 enim
1147 1355 1375 1453 honestum,

406 1492 508 1569 nihil
544 1494 746 1597 egregium
778 1520 863 1572 esse
899 1497 1048 1597 potest,
1084 1494 1187 1609 quod
1218 1494 1380 1596 justitia

405 1638 529 1730 vacet,
552 1659 673 1738 quum
692 1660 738 1714 ea
749 1634 968 1739 praesertim
987 1634 1163 1713 omnium
1183 1633 1379 1713 virtutum

405 1772 517 1875 quasi
536 1773 693 1852 domina
711 1777 751 1853 et
769 1773 906 1876 regina
925 1798 1010 1853 esse
1028 1773 1223 1853 videatur.

460 1947 479 1983 a
497 1915 633 2019 ltaque
651 1914 718 2019 qui
737 1913 901 2017 adipisci
920 1938 1054 1992 veram
1069 1912 1236 2015 gloriam
1253 1914 1375 2010 volet,

399 2052 570 2153 justitiae
595 2054 786 2158 fungatur
808 2054 970 2153 officiis,
1002 2052 1105 2134 nihil
1136 2054 1214 2133 nisi
1234 2057 1380 2133 bonum

404 2192 603 2294 publioum
632 2200 801 2298 spectet,
823 2221 957 2273 omnes
986 2222 1077 2274 suas
1107 2221 1218 2298 opes,
1248 2196 1379 2273 facul-

403 2336 523 2432 tates,
545 2336 736 2413 maximos
756 2340 795 2414 et
814 2336 993 2415 assiduos
1014 2337 1164 2415 labores
1184 2337 1226 2415 in
1246 2338 1379 2415 homi·-

404 2502 501 2555 num
519 2476 734 2555 utilitatem
752 2478 940 2557 conferat.

460 2654 479 2687 a
497 2621 597 2696 Tum
616 2620 772 2696 demum
792 2645 986 2697 summam
1006 2623 1044 2697 et
1062 2622 1271 2723 perfectam
1289 2621 1380 2724 glo-

405 2759 504 2837 riam
523 2764 797 2865 consequetur,
815 2787 902 2865 quae
918 2764 1072 2841 oonstat
1085 2787 1133 2839 ex
1148 2761 1275 2839 tribus
1291 2761 1375 2839 his:

390 2899 439 2975 *si
460 2898 593 3001 diligit
612 2899 847 2998 multitudo,
877 2900 912 2977 si
942 2900 1056 2978 fidem
1085 2902 1219 2997 habet3
1252 2901 1285 2977 si
1318 2903 1380 2979 ad·

406 3038 613 3117 miratione
632 3040 800 3144 quadam
824 3040 970 3118 honore
989 3041 1127 3143 dignos
1148 3044 1272 3143 putat.

460 3216 479 3250 a
496 3182 756 3260 Vehementer
792 3185 925 3260 autem
961 3208 1070 3261 amor
1110 3182 1380 3260 multitudinis

405 3326 669 3401 commovetur
688 3322 774 3425 ipsa
792 3322 896 3400 fama
915 3327 955 3400 et
972 3322 1152 3426 opinione
1172 3321 1381 3401 liberalita-

405 3463 479 3562 tis,
504 3464 790 3562 benefioentiae,
821 3463 934 3561 fidei,
965 3464 1217 3568 omniumque
1246 3490 1380 3543 earum

405 3606 601 3684 virtutum
624 3615 710 3711 quae
739 3607 938 3710 pertinent
965 3608 1011 3685 ad
1037 3608 1379 3693 mansuetudinem

406 3771 558 3826 morum
576 3773 621 3825 ao
640 3747 885 3826 facilitatem.

460 3923 478 3956 a
501 3889 614 3966 Fides
642 3893 773 3967 autem
797 3892 844 3965 ut
857 3889 1070 3999 habeatur,
1094 3890 1244 3967 duabus
1265 3889 1378 3966 rebus

403 4028 502 4107 effici
529 4036 677 4134 potest,
706 4031 740 4107 si
773 4030 1087 4109 existimabimur
1120 4032 1249 4135 adepti
1281 4057 1378 4111 oon-

398 4173 578 4271 junotam
598 4197 687 4251 oum
702 4143 864 4275 justitia
881 4173 1146 4275 prudentiam.
1253 4272 1258 4281 μ

458 4347 477 4381 a
499 4315 766 4393 Admiratione
791 4339 881 4392 vero
904 4314 1133 4395 afficiuntur
1155 4316 1182 4392 ii
1207 4316 1274 4420 qui
1301 4340 1378 4395 au-
