3650 5542
686 896 954 965 '-75-

371 1099 414 1171 tu
436 1120 520 1171 suo.
550 1094 604 1171 Ut
627 1093 732 1169 enim
761 1092 800 1168 in
825 1095 904 1170 Deo
926 1096 1094 1197 perlecta
1121 1092 1342 1171 substantia

574 1216 578 1223 ι

371 1242 410 1313 et
442 1236 609 1338 perfecta
635 1235 760 1337 gloria
793 1260 918 1311 unum
942 1240 981 1313 et
1008 1235 1109 1312 idem
1138 1238 1254 1330 sunt,
1286 1234 1342 1311 ita

371 1371 442 1447 Dei
461 1396 576 1473 opera
599 1395 713 1473 quem
738 1369 831 1446 vitae
855 1370 1021 1471 gradum
1044 1369 1222 1446 eumdem
1251 1368 1341 1471 glo-

372 1512 441 1589 riae
467 1512 657 1590 obtinent.
680 1510 792 1589 Unde
817 1511 996 1616 sequitur
1015 1518 1061 1589 ut
1084 1512 1197 1589 homo
1220 1535 1341 1614 quum

371 1679 450 1731 non
477 1654 588 1731 modo
615 1653 838 1749 materiem,
866 1653 1054 1749 formam,
1085 1655 1252 1747 motum,
1276 1652 1341 1728 sed

368 1791 489 1871 etiam
520 1792 666 1871 divinae
703 1792 846 1869 mentis
880 1791 1115 1894 particulam
1149 1792 1341 1868 nascendo

368 1930 577 2032 acceperit,
599 1931 656 2007 ita
683 1930 835 2011 firmius
862 1932 998 2033 gloriae
1019 1932 1060 2009 in
1081 1958 1121 2011 se
1145 1932 1342 2035 possideat

369 2073 671 2171 incrementum,
702 2099 824 2184 quam.
857 2075 1066 2176 perfectam
1100 2075 1244 2171 facere,
1279 2075 1341 2151 vel

371 2216 631 2318 imperfectam
657 2217 897 2320 relinquere,
929 2218 989 2295 vel
1016 2218 1133 2295 etiam
1158 2242 1342 2295 corrum—

370 2384 460 2460 pere
480 2363 518 2435 et
536 2359 615 2437 fere
633 2358 791 2435 omnino
809 2363 937 2484 potest
956 2360 1149 2439 amittere.
1172 2360 1225 2437 Ut
1238 2358 1343 2435 enim

372 2504 521 2583 ratione
540 2507 596 2583 ita
615 2505 793 2583 libertate
813 2531 967 2583 summa
985 2506 1146 2585 fruitur.

427 2680 445 2715 o
467 2649 546 2725 Nos
560 2648 684 2751 igitur
697 2648 868 2751 primum
884 2649 930 2725 de
945 2648 1114 2752 perfecta
1131 2648 1172 2725 in
1188 2648 1342 2725 homine

370 2790 514 2893 gloria,
535 2791 674 2868 deinde
692 2792 739 2868 de
758 2792 982 2896 imperfecta
1005 2791 1067 2868 vel
1087 2791 1236 2887 media,
1258 2795 1343 2867 tum
1372 2763 1374 2768 Ι

371 2930 526 3007 demum
546 2930 591 3006 de
610 2931 710 3007 falsa
729 2930 856 3033 gloria
873 2930 1009 3009 ordine
1027 2930 1214 3007 dicemus,

426 3104 445 3136 n
468 3071 610 3147 Veram
626 3079 665 3149 et
683 3072 893 3173 perfectam
909 3070 1075 3173 gloriam
1096 3070 1123 3147 ii
1144 3070 1216 3147 soli
1232 3096 1344 3147 asse-

370 3214 548 3315 quuntur
571 3210 638 3314 qui
668 3210 769 3289 nihil
794 3210 902 3289 aliud
928 3210 968 3287 in
993 3211 1100 3288 omni
1127 3209 1210 3287 vita
1233 3210 1344 3313 cogi-

370 3353 478 3446 tant,
508 3354 662 3447 amant,
698 3354 844 3452 agunt,
876 3349 956 3425 nisi
990 3350 1090 3454 quod
1123 3349 1205 3452 ipse
1237 3350 1343 3429 Deus

370 3489 530 3593 optime,
553 3495 599 3569 ut
617 3491 801 3593 optimam
820 3495 1006 3569 naturam
1024 3490 1152 3586 decet,
1175 3490 1341 3593 cogitat,

370 3639 494 3730 amat,
521 3634 617 3737 agit.
640 3635 788 3710 Verum
812 3634 916 3712 enim
940 3632 1134 3735 cogitant,
1157 3632 1344 3713 virtutem

370 3778 523 3871 amant,
545 3776 689 3852 bonum
715 3776 939 3876 operantur.
964 3774 1024 3849 lta
1043 3774 1087 3849 fit
1113 3776 1158 3849 ut
1177 3772 1247 3849 Dei
1268 3798 1345 3849 na-

371 3919 523 4012 turam,
554 3920 760 4018 quamtum
789 3914 830 3990 in
856 3914 1013 3991 homine
1040 3918 1120 4010 est,
1152 3914 1276 4016 magis
1303 3940 1348 3990 ac

296 4102 300 4110 ·
370 4055 495 4157 magis
522 4054 743 4150 imitanteS,
774 4054 844 4130 Dei
878 4053 1064 4155 gloriam,
1097 4052 1131 4128 si
1157 4052 1213 4128 ita
1240 4052 1346 4156 loqui

369 4192 478 4288 licet,
507 4195 632 4297 magis
660 4220 705 4271 ac
731 4193 856 4296 magis
884 4192 1066 4270 induant.
1098 4192 1261 4272 Necesse
1287 4197 1347 4269 est

369 4334 474 4414 enim
494 4339 539 4414 ut
553 4336 667 4437 cujus
688 4359 804 4437 opera
822 4336 1053 4436 operantur,
1072 4335 1118 4409 ut
1132 4333 1245 4433 cujus
1265 4332 1347 4414 vita
