3650 5542
904 910 1102 974 -65-

517 1097 655 1172 damus
675 1098 925 1197 convenisse,
948 1105 993 1178 ut
1011 1126 1100 1177 eum
1119 1104 1276 1179 tandem
1299 1129 1343 1180 ea
1362 1106 1487 1207 gloria

515 1236 679 1339 dignum
722 1239 844 1317 fuisse
886 1265 1019 1317 omnes
1065 1241 1241 1319 homines
1288 1242 1486 1321 fateantur

515 1403 632 1481 quam
659 1380 802 1481 optime
830 1385 1085 1483 cognoverat,
1118 1407 1312 1486 quamque
1340 1384 1486 1487 optima

513 1516 578 1593 via
604 1516 732 1596 fuerat
758 1523 930 1596 secutus.
957 1520 1110 1596 [duero
1134 1519 1236 1596 nihil
1256 1520 1364 1598 aliud
1382 1528 1486 1599 esset

514 1682 631 1759 quam
655 1658 861 1737 historiam
885 1659 1053 1737 scribere
1077 1660 1214 1737 multis
1234 1662 1388 1764 jamdiu
1409 1689 1486 1741 no-

513 1804 613 1898 tam,
636 1803 675 1876 et
693 1825 811 1903 quam
833 1800 895 1876 vir
920 1800 1075 1903 sapiens
1101 1826 1211 1904 aeque
1237 1828 1282 1879 ao
1306 1804 1485 1880 eruditus

513 1940 739 2043 ampliorem
758 1966 884 2044 nuper
902 1940 1028 2018 effeoit
1047 1945 1084 2017 et
1103 1941 1391 2023 illustriorem¹.
1412 1944 1485 2022 Cu·

510 2082 577 2182 jus
604 2105 681 2157 non
705 2081 804 2157 mihi
827 2082 938 2159 venit
961 2082 1002 2158 in
1028 2085 1198 2159 mentem
1223 2083 1423 2185 opiniones
1447 2092 1486 2162 et

510 2220 661 2321 judicia
690 2222 915 2319 confutare,
948 2248 1070 2325 quum
1098 2248 1143 2299 ea
1171 2221 1386 2299 doctissimi
1411 2250 1487 2326 ap-

515 2361 763 2463 probaverint
780 2362 879 2461 viri,
901 2389 1023 2466 quum
1043 2364 1259 2466 praesertim
1286 2366 1341 2441 M.
1363 2363 1485 2440 Tullii

515 2506 627 2581 famae
647 2531 724 2583 non
744 2507 854 2583 modo
873 2531 952 2583 non
973 2509 1157 2602 noceant,
1176 2506 1341 2583 sedeam
1357 2508 1486 2609 saepis-

515 2649 612 2727 sime
631 2649 832 2752 adjuvent.

567 2792 721 2869 Primas
742 2792 865 2895 igitur
883 2794 1042 2887 Romae,
1064 2791 1101 2867 id
1122 2791 1331 2895 temporis,
1353 2799 1484 2895 partes

516 2934 559 3011 C.
593 2933 762 3031 Caesari,
789 2935 979 3012 secundas
1010 2933 1082 3013 Cn.
1110 2934 1291 3036 Pompeio
1318 2934 1486 3013 libenter

515 3077 788 3172 concedamus3
812 3077 933 3187 hujus
966 3074 1338 3178 praestantissimum
1368 3074 1484 3176 inge—

515 3220 648 3317 nium,
671 3219 835 3297 alterius
856 3243 981 3296 mores
1001 3222 1040 3296 et
1057 3217 1286 3295 diuturnam
1312 3214 1485 3293 felicita-

516 3367 593 3437 tem
613 3359 764 3437 moritis
784 3384 1066 3463 prosequamur
1085 3358 1280 3436 laudibus.
1304 3358 1359 3433 M.
1378 3355 1486 3432 Cato·

516 3499 578 3575 nis
602 3499 720 3576 etiarn
739 3499 927 3577 virtutem
948 3502 1001 3579 M.
1020 3492 1142 3576 Tullii
1161 3498 1308 3574 virtute
1332 3496 1479 3573 firmio
1546 3502 1550 3511 “

517 3666 598 3717 rem
620 3647 659 3718 et
682 3641 859 3719 altiorem
887 3642 1010 3719 fuisse
1042 3642 1248 3736 fateamur,
1280 3639 1485 3716 dummodo

435 3867 438 3874 -
516 3781 577 3859 vir
597 3784 737 3884 probus
757 3788 795 3860 et
809 3786 944 3886 justus
965 3784 1119 3878 Noster,
1138 3806 1259 3885 quum
1278 3780 1317 3856 id
1336 3777 1485 3856 difficil-

517 3921 658 3999 limum
677 3926 803 4019 esset,
825 3948 975 4025 semper
994 3921 1134 4016 fuerit,
1156 3919 1361 3997 dummodo
1380 3944 1482 4015 eam,

515 4068 560 4138 ut
579 4063 661 4166 ipse
679 4064 868 4168 loquitur,
886 4064 1046 4142 modioae
1064 4066 1103 4140 et
1122 4063 1305 4140 humanae
1324 4062 1484 4139 virtutis

554 4324 561 4357 ⁴
577 4323 694 4379 Glsroru
706 4326 847 4379 Borssmn.
865 4324 979 4380 Ciedron
994 4331 1021 4379 et
1036 4339 1081 4377 ses
1095 4322 1324 4393 contemporains.
1342 4321 1428 4376 Reoue
1441 4320 1485 4374 des

517 4409 736 4481 Dono-Moades,
752 4413 852 4468 anudes
866 4415 952 4478 ⁴863,
966 4415 1015 4478 m,
1032 4416 1076 4466 δῦ,
