3650 5542
891 888 1090 959 -78—

456 1161 459 1166 .
505 1082 769 1181 eontinentur,
792 1110 960 1188 quarum
990 1110 1235 1191 unaquaeque
1262 1113 1373 1165 suam
1401 1090 1478 1167 ha-

504 1228 568 1302 bet
585 1229 784 1325 naturam,
806 1227 891 1303 suis
915 1232 1002 1329 eget
1019 1228 1242 1331 praeceptis,
1272 1255 1393 1333 quum
1412 1230 1479 1308 vi-

506 1366 561 1441 tia
581 1367 758 1469 quaedam
778 1367 934 1470 propria
952 1368 1182 1445 declinanda
1198 1368 1291 1447 sint.
1311 1368 1478 1448 Difficile

504 1507 673 1585 alterum
707 1508 883 1586 studium
912 1508 1110 1585 inveneris
1144 1510 1207 1585 eui
1241 1510 1389 1611 majore
1416 1508 1478 1585 vel

504 1648 602 1723 bona
620 1647 681 1725 vel
701 1647 806 1725 mala
829 1649 1050 1725 humanum
1076 1649 1210 1726 debeat
1229 1672 1366 1750 genus.
1390 1646 1478 1723 Cu·-

504 1788 592 1891 pido
616 1789 722 1866 enim
749 1788 885 1891 gloriae
912 1790 1084 1885 artibus,
1117 1789 1312 1887 seientiis‚
1342 1789 1478 1865 virtu-

503 1929 607 2005 tibus
627 1929 887 2007 etiamsinon
905 1934 1037 2006 ortum
1053 1934 1093 2006 at
1113 1935 1214 2006 certe
1229 1929 1336 2007 dedit
1355 1928 1477 2005 inare-

504 2077 701 2166 mentum;
729 2071 861 2147 eadem
897 2070 1109 2168 factiones,
1140 2071 1375 2169 discordias,
1397 2096 1478 2147 eae-

505 2215 590 2310 des,
611 2214 713 2291 bella
737 2213 898 2315 peperit.
923 2212 1167 2290 Nannlibido
1191 2212 1416 2290 dominandi
1439 2216 1479 2289 et

506 2353 744 2455 imperandi,
768 2354 800 2429 si
824 2354 977 2430 nullam
1003 2355 1043 2430 in
1069 2380 1109 2431 se
1134 2354 1287 2456 gloriae,
1309 2355 1371 2431 vel
1392 2354 1478 2431 sal-

505 2499 583 2571 tem
626 2495 739 2571 famae
776 2496 983 2596 eujusdam
1009 2496 1222 2597 ¹contineat
1253 2501 1410 2593 vetum,
1440 2501 1479 2573 et

403 2640 411 2657 '
506 2634 698 2737 sapientia
721 2640 852 2712 eareat
870 2636 1059 2731 omnin0‚·
1071 2660 1177 2713 mera
1196 2636 1295 2713 mihi
1314 2636 1477 2713 demen-

505 2776 582 2873 ua,
604 2775 813 2880 aliquando
832 2775 951 2852 etiam
972 2775 1096 2852 rabies
1116 2802 1200 2855 esse
1219 2776 1387 2853 videtur.

561 2952 579 2984 „
602 2919 802 2995 Postremo
828 2919 997 3022 perfecta
1017 2918 1142 3019 gloria
1170 2923 1208 2995 et
1226 2918 1352 2993 media
1372 2917 1478 2994 inter

505 3083 545 3133 se
555 3058 785 3134 conferenda
799 3064 907 3155 sunt,
921 3084 1043 3163 quum
1056 3059 1182 3136 multa
1194 3059 1363 3136 habeant
1378 3084 1476 3135 eom-

504 3197 659 3294 munia,
681 3202 721 3273 et
739 3198 850 3274 firmo
869 3198 1032 3275 virtutis
1059 3198 1217 3275 vineulo
1236 3200 1476 3300 conjungan-

505 3342 583 3417 tur.
597 3339 755 3416 Virtute
769 3339 874 3415 enim
890 3343 1050 3437 semota,
1063 3340 1176 3417 nulla
1190 3340 1268 3418 nisi
1283 3340 1384 3417 falsa
1398 3339 1476 3441 glo-

505 3477 564 3553 ria
589 3481 715 3580 potest
737 3478 917 3557 existere.
942 3478 1059 3555 Multi
1080 3478 1317 3580 igitursunt
1339 3478 1475 3555 mediae

504 3620 639 3720 gloriae
658 3621 803 3721 gradus
823 3646 989 3724 quorum
1014 3620 1179 3698 ultimus
1199 3621 1245 3696 ad
1265 3620 1475 3722 perfectam

502 3760 668 3861 gloriam
692 3760 850 3863 propius
874 3760 1033 3839 aceedit.
1056 3761 1140 3846 Quo
1169 3760 1307 3862 majori
1328 3759 1475 3835 virtute

503 3898 645 3976 nititur
663 3899 731 4001 qui
751 3924 914 4000 magna,
931 3898 1128 3997 difficilia,
1150 3905 1189 3977 et
1208 3901 1381 3977 humano
1400 3925 1474 4002 ge-

502 4040 586 4116 neri
606 4039 723 4117 utilia
741 4039 907 4141 perficit,
924 4066 967 4116 eo
982 4040 1171 4117 veriorem
1191 4046 1229 4118 et
1248 4040 1473 4143 ampliorem

503 4180 754 4284 consequitur
773 4180 935 4277 famam,
954 4206 996 4256 eo
1012 4182 1197 4282 majorem
1213 4180 1312 4257 inse
1329 4180 1473 4259 divinae

504 4325 549 4397 ut
574 4325 744 4416 naturae,
768 4319 824 4395 ita
851 4319 986 4420 gloriae
1011 4319 1221 4422 imaginem
1251 4320 1470 4399 adumbrat.
