3650 5542
765 867 964 929 ..71-

369 1060 511 1164 saepius
531 1064 601 1137 aut
620 1084 696 1136 non
715 1058 802 1138 ausi
823 1058 919 1157 sint,
937 1062 1008 1137 aut
1026 1084 1104 1137 non
1123 1060 1336 1139 valuerint.

367 1204 449 1305 Ego
469 1200 593 1294 enim,
615 1200 656 1277 in
676 1200 783 1276 omni
806 1200 1041 1304 quaestione,
1065 1225 1144 1279 non
1163 1201 1340 1305 intelligo

368 1344 460 1449 quid
488 1369 558 1422 nos
587 1341 720 1419 docere
752 1340 877 1443 possis
906 1340 989 1418 veri
1018 1346 1056 1418 et
1082 1343 1275 1440 absoluti,
1306 1344 1338 1421 si

255 1590 264 1598 ο
369 1486 471 1564 nihil
494 1485 601 1563 dicas
629 1484 676 1560 de
698 1484 796 1579 De0,
823 1508 945 1587 quum
969 1482 1010 1559 in
1036 1487 1172 1561 nostra
1197 1488 1339 1563 natura

368 1623 555 1727 quidquid
589 1624 701 1721 boni,
739 1622 927 1728 quidquid
962 1624 1097 1727 magni
1128 1625 1336 1722 habemus,

367 1765 466 1843 illud
485 1766 658 1843 adivina
676 1769 821 1845 natura
839 1765 1167 1869 exprompsimus,
1184 1772 1223 1845 et
1241 1767 1339 1845 dono

367 1908 600 2011 accepimus

419 2048 504 2123 Non
524 2046 623 2124 mihi
641 2053 772 2128 tamen
791 2046 956 2124 venitin
973 2052 1142 2125 mentem
1157 2075 1254 2152 opus
1276 2076 1338 2151 ag-

290 2174 293 2177 *
366 2190 495 2291 gredi,
523 2188 586 2266 oui
612 2187 715 2265 vires
740 2212 855 2283 meae,
883 2184 1038 2263 etiamsi
1062 2186 1186 2263 multo
1213 2188 1340 2265 forent

366 2331 553 2432 majores,
582 2326 871 2429 oerteimpares
888 2330 1041 2423 essent,
1063 2331 1102 2405 et
1121 2326 1245 2405 latine
1272 2328 1340 2406 di-

366 2497 451 2549 cere
470 2484 556 2575 qnee
574 2471 635 2547 vel
662 2465 788 2572 petrio
812 2494 1010 2567 sermone,
1035 2469 1153 2547 siouti
1173 2497 1218 2549 ea
1242 2496 1338 2548 sen-

365 2613 440 2710 tio,
480 2613 697 2717 exprimere
729 2637 807 2689 non
844 2634 1009 2713 possem.
1042 2608 1147 2685 Mihi
1181 2613 1337 2688 tantum

366 2757 475 2833 modo
495 2756 536 2834 in
555 2754 686 2833 animo
710 2754 787 2831 luit
807 2753 1009 2831 ostendere
1028 2777 1144 2857 quam
1164 2752 1242 2829 lete
1262 2779 1340 2856 pe-

366 2903 445 2977 teat
464 2900 546 2975 haeo
564 2899 610 2976 de
629 2897 754 3000 gloria
782 2897 967 3001 quaesti0,
990 2902 1183 3000 quantum
1208 2899 1255 2975 ad
1275 2924 1335 2975 res

366 3040 558 3141 pertineat
575 3039 877 3135 diversissimas,
901 3039 934 3115 si
954 3040 1113 3115 tandem
1134 3039 1175 3117 in
1194 3066 1240 3117 ea
1259 3043 1337 3117 Deo

365 3183 493 3259 locum
512 3209 627 3287 quem
645 3208 832 3285 occupare
851 3182 961 3257 debet
981 3180 1259 3277 restituemuS,
1283 3181 1337 3258 ita

366 3332 410 3403 ut
437 3327 576 3404 abillo
603 3352 696 3403 vera
720 3327 923 3404 hominum
950 3324 1076 3428 gloria
1100 3324 1214 3401 unice
1237 3350 1338 3428 pen-

364 3468 471 3566 dere,
501 3472 540 3545 et
567 3469 675 3545 ineo
704 3469 850 3571 legem,
885 3467 1097 3569 exemplar,
1132 3466 1336 3570 praemium

365 3605 482 3683 etiam
527 3606 705 3685 invenire
740 3609 932 3686 videatur.
975 3609 1054 3684 Nos
1095 3607 1219 3711 igitur
1252 3609 1336 3710 jam

364 3749 504 3826 exinde
536 3775 613 3827 non
645 3776 706 3828 res
738 3750 939 3853 singulas,
976 3773 1052 3826 non
1082 3749 1336 3853 quaestionem

364 3893 410 3969 de
429 3891 555 3992 glorie
581 3897 723 3991 totam,
751 3895 815 3970 sed
840 3891 1034 3997 principia
1058 3892 1188 3988 modo,
1210 3895 1250 3968 et
1267 3864 1337 3967 orss

364 4036 493 4113 dinem
518 4036 752 4132 disserendi,
775 4036 879 4113 nudo
899 4060 1090 4131 sermone,
1113 4035 1222 4112 nullo
1242 4058 1336 4111 ver-

363 4180 499 4254 borum
519 4178 649 4275 cultu,
673 4178 911 4258 tentabimus
929 4201 1132 4279 exponere.

419 4354 437 4386 ιι
466 4321 523 4395 De
548 4320 683 4397 Gloria
709 4295 875 4395 dioimus
904 4340 989 4395 eam
1014 4320 1105 4393 ante
1134 4315 1266 4392 omnia
1294 4313 1334 4387 in
