3650 5542
838 882 1207 947 -54--'

449 1078 606 1177 portum
621 1078 751 1176 posset
778 1098 979 1176 occupare.
1007 1075 1113 1150 Num
1140 1073 1209 1151 ille
1233 1098 1323 1150 vere
1349 1073 1428 1151 fuit

451 1213 589 1316 Syllae,
618 1214 816 1317 Pompeii,
844 1214 998 1311 Crassi,
1024 1213 1192 1292 Caesaris
1212 1216 1370 1293 tandem
1389 1219 1428 1292 et

452 1355 606 1434 Octavii
639 1381 860 1459 aequaevuS,
896 1354 987 1453 ille,
1019 1355 1203 1459 inquam,
1239 1355 1302 1433 vir
1334 1356 1424 1461 qui,

451 1523 572 1601 quum
600 1497 670 1574 alii
695 1497 775 1575 fere
802 1522 936 1575 omncs
965 1523 1127 1575 suorum
1154 1498 1216 1575 vel
1242 1500 1338 1577 bene
1365 1498 1428 1576 vel

452 1638 553 1715 male
594 1637 787 1715 factorum
825 1637 1069 1741 amplissima
1107 1642 1146 1715 et
1181 1638 1430 1742 iniquissima

452 1783 629 1883 peterent
647 1780 828 1883 praemia,
850 1780 925 1856 sibi
950 1780 1049 1883 ipsi,
1071 1804 1140 1882 pro
1159 1784 1218 1858 tot
1236 1781 1428 1884 susceptis

451 1920 663 2018 laboribus,
686 1920 992 2018 defensionibus
1014 1921 1216 2024 periculis,
1238 1922 1341 1999 nihil
1359 1947 1430 1999 un·

453 2090 571 2170 quam
608 2064 717 2141 aliud
749 2064 963 2167 optaverit,
999 2064 1077 2141 nisi
1116 2090 1205 2143 cum
1237 2065 1430 2170 dignitate

453 2206 600 2285 otium!

506 2398 710 2475 Attentius
749 2397 868 2474 etiam
905 2397 1192 2495 consideranti,
1231 2402 1271 2476 et
1305 2400 1430 2476 Marci

454 2540 577 2617 Tullii
598 2540 708 2616 modo
731 2540 856 2637 facta,
879 2541 990 2617 modo
1014 2540 1119 2618 dicta
1144 2542 1428 2644 perscrutanti,

453 2684 525 2761 hoc
540 2709 608 2786 pro
628 2688 821 2785 comperto
841 2684 1048 2761 habebitur
1067 2686 1269 2778 Nostrum,
1290 2683 1431 2761 intima

455 2830 602 2923 mente,
633 2826 725 2903 vitae
764 2826 997 2904 immortalis
1033 2853 1138 2930 spem
1172 2826 1431 2904 certissimam

454 2968 626 3049 maximo
654 2968 789 3070 gloriae
815 2966 962 3064 amori,
992 2966 1104 3042 firmo
1130 2966 1243 3070 quasi
1272 2965 1432 3043 vinculo

455 3137 606 3215 semper
624 3110 897 3213 conjunxisse,
921 3110 1043 3186 itaut
1064 3109 1106 3185 in
1131 3107 1200 3184 illc
1223 3108 1347 3185 altera
1367 3106 1432 3184 al-

455 3254 583 3328 terum
603 3250 770 3348 aluisse,
793 3252 1045 3328 confirmasse
1064 3274 1215 3351 semper
1234 3248 1428 3327 videatur.

454 3390 599 3468 Omnes
636 3390 741 3468 enim
774 3391 962 3467 memoria
989 3394 1166 3467 tenemus
1201 3416 1246 3467 ea
1275 3417 1362 3494 quae
1387 3391 1434 3467 de

455 3534 666 3612 immortali
692 3534 916 3611 animarum
936 3534 1040 3630 vita,
1062 3536 1173 3610 tanta
1198 3533 1429 3636 prudentia,

453 3682 566 3754 tanta
592 3676 844 3772 auctoritate,
867 3674 1006 3750 multis
1032 3672 1073 3749 in
1101 3672 1217 3769 locis,
1250 3698 1431 3775 pronun-

454 3818 632 3916 tiaverit,
656 3843 779 3921 quum
810 3819 979 3893 mentem
1005 3815 1097 3892 vitae
1122 3815 1326 3918 praesentis
1352 3840 1431 3890 an-

489 4175 496 4208 ¹
513 4177 534 4227 0
548 4174 710 4245 praclarum
724 4170 797 4226 diem
807 4213 814 4235 ,
825 4187 909 4242 quum
924 4170 960 4245 ad
975 4170 1039 4224 illud
1054 4169 1179 4224 divinum
1193 4169 1346 4223 animorum
1360 4182 1431 4222 con-

452 4269 546 4323 cilium
561 4277 717 4341 coetumque
731 4267 900 4339 proficiscar,
921 4281 1059 4340 quumque
1081 4281 1113 4319 ex
1134 4264 1185 4320 hac
1202 4263 1282 4320 turba
1299 4270 1325 4318 et
1343 4262 1433 4317 cottu-

453 4368 535 4424 vione
548 4367 687 4423 discedam
703 4366 751 4438 (De
762 4365 874 4434 Seneca,
890 4362 947 4435 85).
