<?xml version="1.0" encoding="UTF-8"?>
<!DOCTYPE html PUBLIC "-//W3C//DTD XHTML 1.0 Transitional//EN"
    "http://www.w3.org/TR/xhtml1/DTD/xhtml1-transitional.dtd">
<html xmlns="http://www.w3.org/1999/xhtml" xml:lang="en" lang="en">
 <head>
  <title>
</title>
<meta http-equiv="Content-Type" content="text/html;charset=utf-8" />
  <meta name='ocr-system' content='tesseract 3.04.00' />
  <meta name='ocr-capabilities' content='ocr_page ocr_carea ocr_par ocr_line ocrx_word'/>
</head>
<body>
  <div class='ocr_page' id='page_1' title='image "./quiddegloriasen00chargoog_0068.png"; bbox 0 0 3650 5542; ppageno 0'>
   <div class='ocr_carea' id='block_1_1' title="bbox 889 836 1090 899">
    <p class='ocr_par' dir='ltr' id='par_1_1' title="bbox 889 836 1090 899">
     <span class='ocr_line' id='line_1_1' title="bbox 889 836 1090 899; baseline 0 -16"><span class='ocrx_word' id='word_1_1' title='bbox 889 836 1090 899; x_wconf 66' lang='lat' dir='ltr'>..ffl-</span> 
     </span>
    </p>
   </div>
   <div class='ocr_carea' id='block_1_2' title="bbox 508 1024 1484 3399">
    <p class='ocr_par' dir='ltr' id='par_1_2' title="bbox 508 1024 1484 2125">
     <span class='ocr_line' id='line_1_2' title="bbox 508 1024 1483 1129; baseline 0.002 -28"><span class='ocrx_word' id='word_1_2' title='bbox 508 1027 630 1101; x_wconf 80' lang='lat' dir='ltr'>fretus</span> <span class='ocrx_word' id='word_1_3' title='bbox 649 1024 830 1127; x_wconf 73' lang='lat' dir='ltr'>(libenter</span> <span class='ocrx_word' id='word_1_4' title='bbox 847 1050 917 1127; x_wconf 84' lang='lat' dir='ltr'>ego</span> <span class='ocrx_word' id='word_1_5' title='bbox 936 1025 1092 1128; x_wconf 91' lang='lat' dir='ltr'>quidem</span> <span class='ocrx_word' id='word_1_6' title='bbox 1112 1024 1380 1129; x_wconf 74' lang='lat' dir='ltr'>crediderim),</span> <span class='ocrx_word' id='word_1_7' title='bbox 1401 1026 1483 1103; x_wconf 80' lang='lat' dir='ltr'>tale</span> 
     </span>
     <span class='ocr_line' id='line_1_3' title="bbox 508 1166 1484 1271; baseline 0.005 -29"><span class='ocrx_word' id='word_1_8' title='bbox 508 1175 547 1245; x_wconf 76' lang='lat' dir='ltr'>et</span> <span class='ocrx_word' id='word_1_9' title='bbox 574 1176 655 1245; x_wconf 78' lang='lat' dir='ltr'>tam</span> <span class='ocrx_word' id='word_1_10' title='bbox 680 1166 869 1245; x_wconf 82' lang='lat' dir='ltr'>eximium</span> <span class='ocrx_word' id='word_1_11' title='bbox 898 1192 981 1245; x_wconf 83' lang='lat' dir='ltr'>suae</span> <span class='ocrx_word' id='word_1_12' title='bbox 1008 1169 1105 1245; x_wconf 91' lang='lat' dir='ltr'>bene</span> <span class='ocrx_word' id='word_1_13' title='bbox 1132 1172 1229 1245; x_wconf 79' lang='lat' dir='ltr'>actae</span> <span class='ocrx_word' id='word_1_14' title='bbox 1258 1168 1353 1245; x_wconf 78' lang='lat' dir='ltr'>vilae</span> <span class='ocrx_word' id='word_1_15' title='bbox 1375 1195 1484 1271; x_wconf 87' lang='lat' dir='ltr'>prae-</span> 
     </span>
     <span class='ocr_line' id='line_1_4' title="bbox 510 1309 1482 1412; baseline 0.002 -27"><span class='ocrx_word' id='word_1_16' title='bbox 510 1311 631 1386; x_wconf 90' lang='lat' dir='ltr'>mium</span> <span class='ocrx_word' id='word_1_17' title='bbox 657 1309 814 1405; x_wconf 82' lang='lat' dir='ltr'>habuit,</span> <span class='ocrx_word' id='word_1_18' title='bbox 840 1335 963 1412; x_wconf 92' lang='lat' dir='ltr'>quum</span> <span class='ocrx_word' id='word_1_19' title='bbox 987 1309 1145 1412; x_wconf 85' lang='lat' dir='ltr'>egregia</span> <span class='ocrx_word' id='word_1_20' title='bbox 1166 1336 1212 1386; x_wconf 87' lang='lat' dir='ltr'>ea</span> <span class='ocrx_word' id='word_1_21' title='bbox 1237 1311 1356 1386; x_wconf 87' lang='lat' dir='ltr'>verba</span> <span class='ocrx_word' id='word_1_22' title='bbox 1381 1334 1482 1387; x_wconf 88' lang='lat' dir='ltr'>con-</span> 
     </span>
     <span class='ocr_line' id='line_1_5' title="bbox 508 1450 1478 1554; baseline 0.001 -27"><span class='ocrx_word' id='word_1_23' title='bbox 508 1452 694 1537; x_wconf 73' lang='lat' dir='ltr'>scriberet,</span> <span class='ocrx_word' id='word_1_24' title='bbox 715 1453 762 1529; x_wconf 92' lang='lat' dir='ltr'>de</span> <span class='ocrx_word' id='word_1_25' title='bbox 788 1451 930 1554; x_wconf 90' lang='lat' dir='ltr'>quibus</span> <span class='ocrx_word' id='word_1_26' title='bbox 959 1450 1073 1529; x_wconf 86' lang='lat' dir='ltr'>nulla</span> <span class='ocrx_word' id='word_1_27' title='bbox 1100 1455 1195 1529; x_wconf 78' lang='lat' dir='ltr'>aetas</span> <span class='ocrx_word' id='word_1_28' title='bbox 1224 1450 1478 1547; x_wconf 80' lang='lat' dir='ltr'>conticescet,</span> 
     </span>
     <span class='ocr_line' id='line_1_6' title="bbox 509 1592 1478 1697; baseline -0.001 -26"><span class='ocrx_word' id='word_1_29' title='bbox 509 1620 613 1697; x_wconf 82' lang='lat' dir='ltr'>quae,</span> <span class='ocrx_word' id='word_1_30' title='bbox 634 1594 780 1671; x_wconf 74' lang='lat' dir='ltr'>mullas</span> <span class='ocrx_word' id='word_1_31' title='bbox 799 1597 839 1670; x_wconf 80' lang='lat' dir='ltr'>ei</span> <span class='ocrx_word' id='word_1_32' title='bbox 856 1593 1049 1670; x_wconf 83' lang='lat' dir='ltr'>maximas</span> <span class='ocrx_word' id='word_1_33' title='bbox 1069 1592 1254 1672; x_wconf 81' lang='lat' dir='ltr'>victorias</span> <span class='ocrx_word' id='word_1_34' title='bbox 1275 1599 1478 1695; x_wconf 83' lang='lat' dir='ltr'>superant,</span> 
     </span>
     <span class='ocr_line' id='line_1_7' title="bbox 508 1735 1481 1841; baseline -0.002 -28"><span class='ocrx_word' id='word_1_35' title='bbox 508 1760 630 1841; x_wconf 86' lang='lat' dir='ltr'>quum</span> <span class='ocrx_word' id='word_1_36' title='bbox 655 1736 827 1838; x_wconf 83' lang='lat' dir='ltr'>seipsum</span> <span class='ocrx_word' id='word_1_37' title='bbox 850 1741 891 1812; x_wconf 81' lang='lat' dir='ltr'>et</span> <span class='ocrx_word' id='word_1_38' title='bbox 912 1760 1026 1813; x_wconf 86' lang='lat' dir='ltr'>suam</span> <span class='ocrx_word' id='word_1_39' title='bbox 1049 1737 1254 1813; x_wconf 81' lang='lat' dir='ltr'>mortalem</span> <span class='ocrx_word' id='word_1_40' title='bbox 1281 1735 1481 1813; x_wconf 88' lang='lat' dir='ltr'>infirmam</span> 
     </span>
     <span class='ocr_line' id='line_1_8' title="bbox 509 1878 1481 1983; baseline 0.003 -31"><span class='ocrx_word' id='word_1_41' title='bbox 509 1901 584 1979; x_wconf 92' lang='lat' dir='ltr'>que</span> <span class='ocrx_word' id='word_1_42' title='bbox 597 1881 781 1953; x_wconf 83' lang='lat' dir='ltr'>naturam</span> <span class='ocrx_word' id='word_1_43' title='bbox 800 1878 978 1957; x_wconf 74' lang='lat' dir='ltr'>debuerit</span> <span class='ocrx_word' id='word_1_44' title='bbox 994 1879 1147 1956; x_wconf 87' lang='lat' dir='ltr'>vincere</span> <span class='ocrx_word' id='word_1_45' title='bbox 1160 1880 1228 1983; x_wconf 92' lang='lat' dir='ltr'>qui</span> <span class='ocrx_word' id='word_1_46' title='bbox 1248 1882 1332 1957; x_wconf 86' lang='lat' dir='ltr'>haeo</span> <span class='ocrx_word' id='word_1_47' title='bbox 1345 1879 1481 1956; x_wconf 89' lang='lat' dir='ltr'>divino</span> 
     </span>
     <span class='ocr_line' id='line_1_9' title="bbox 510 2017 1365 2125; baseline 0.006 -31"><span class='ocrx_word' id='word_1_48' title='bbox 510 2017 613 2095; x_wconf 75' lang='lat' dir='ltr'>fonte</span> <span class='ocrx_word' id='word_1_49' title='bbox 632 2021 775 2097; x_wconf 77' lang='lat' dir='ltr'>hausta</span> <span class='ocrx_word' id='word_1_50' title='bbox 792 2021 877 2098; x_wconf 82' lang='lat' dir='ltr'>fere¹</span> <span class='ocrx_word' id='word_1_51' title='bbox 889 2020 1023 2099; x_wconf 85' lang='lat' dir='ltr'>divino</span> <span class='ocrx_word' id='word_1_52' title='bbox 1040 2048 1106 2099; x_wconf 94' lang='lat' dir='ltr'>ore</span> <span class='ocrx_word' id='word_1_53' title='bbox 1124 2022 1336 2125; x_wconf 81' lang='lat' dir='ltr'>protulerit</span> <span class='ocrx_word' id='word_1_54' title='bbox 1355 2047 1365 2099; x_wconf 92' lang='lat'>:</span> 
     </span>
    </p>

    <p class='ocr_par' dir='ltr' id='par_1_3' title="bbox 510 2162 1483 3399">
     <span class='ocr_line' id='line_1_10' title="bbox 565 2162 1482 2265; baseline 0.001 -28"><span class='ocrx_word' id='word_1_55' title='bbox 565 2197 584 2229; x_wconf 96' lang='grc' dir='ltr'>ιι</span> <span class='ocrx_word' id='word_1_56' title='bbox 606 2162 700 2239; x_wconf 85' lang='lat' dir='ltr'>Haeo</span> <span class='ocrx_word' id='word_1_57' title='bbox 717 2162 890 2239; x_wconf 82' lang='lat' dir='ltr'>eoelestia</span> <span class='ocrx_word' id='word_1_58' title='bbox 909 2187 1060 2265; x_wconf 86' lang='lat' dir='ltr'>semper</span> <span class='ocrx_word' id='word_1_59' title='bbox 1079 2166 1250 2265; x_wconf 77' lang='lat' dir='ltr'>spectato</span> <span class='ocrx_word' id='word_1_60' title='bbox 1270 2189 1279 2241; x_wconf 93' lang='lat'>:</span> <span class='ocrx_word' id='word_1_61' title='bbox 1303 2162 1374 2239; x_wconf 88' lang='lat' dir='ltr'>illa</span> <span class='ocrx_word' id='word_1_62' title='bbox 1398 2162 1482 2239; x_wconf 89' lang='lat' dir='ltr'>hu-</span> 
     </span>
     <span class='ocr_line' id='line_1_11' title="bbox 510 2298 1482 2409; baseline -0.001 -28"><span class='ocrx_word' id='word_1_63' title='bbox 510 2330 627 2381; x_wconf 86' lang='lat' dir='ltr'>mana</span> <span class='ocrx_word' id='word_1_64' title='bbox 651 2306 900 2383; x_wconf 69' lang='lat' dir='ltr'>contemnito.</span> <span class='ocrx_word' id='word_1_65' title='bbox 922 2308 981 2383; x_wconf 90' lang='lat' dir='ltr'>Tu</span> <span class='ocrx_word' id='word_1_66' title='bbox 1001 2306 1106 2382; x_wconf 89' lang='lat' dir='ltr'>enim</span> <span class='ocrx_word' id='word_1_67' title='bbox 1130 2332 1247 2409; x_wconf 88' lang='lat' dir='ltr'>quam</span> <span class='ocrx_word' id='word_1_68' title='bbox 1272 2298 1482 2383; x_wconf 81' lang='lat' dir='ltr'>celebrita-</span> 
     </span>
     <span class='ocr_line' id='line_1_12' title="bbox 511 2446 1482 2551; baseline 0 -28"><span class='ocrx_word' id='word_1_69' title='bbox 511 2449 589 2523; x_wconf 83' lang='lat' dir='ltr'>iem</span> <span class='ocrx_word' id='word_1_70' title='bbox 608 2446 798 2523; x_wconf 90' lang='lat' dir='ltr'>sermonis</span> <span class='ocrx_word' id='word_1_71' title='bbox 817 2447 1042 2543; x_wconf 90' lang='lat' dir='ltr'>hominum,</span> <span class='ocrx_word' id='word_1_72' title='bbox 1066 2451 1136 2524; x_wconf 81' lang='lat' dir='ltr'>aui</span> <span class='ocrx_word' id='word_1_73' title='bbox 1154 2472 1272 2551; x_wconf 86' lang='lat' dir='ltr'>quam</span> <span class='ocrx_word' id='word_1_74' title='bbox 1292 2451 1482 2549; x_wconf 71' lang='lat' dir='ltr'>expeten-</span> 
     </span>
     <span class='ocr_line' id='line_1_13' title="bbox 511 2587 1482 2693; baseline -0.002 -27"><span class='ocrx_word' id='word_1_75' title='bbox 511 2590 600 2666; x_wconf 86' lang='lat' dir='ltr'>dam</span> <span class='ocrx_word' id='word_1_76' title='bbox 618 2588 783 2691; x_wconf 82' lang='lat' dir='ltr'>gloriam</span> <span class='ocrx_word' id='word_1_77' title='bbox 807 2590 989 2693; x_wconf 88' lang='lat' dir='ltr'>consequi</span> <span class='ocrx_word' id='word_1_78' title='bbox 1018 2590 1148 2693; x_wconf 71' lang='lat' dir='ltr'>poles?</span> <span class='ocrx_word' id='word_1_79' title='bbox 1167 2590 1286 2668; x_wconf 87' lang='lat' dir='ltr'>Vides</span> <span class='ocrx_word' id='word_1_80' title='bbox 1310 2587 1482 2666; x_wconf 84' lang='lat' dir='ltr'>habitari</span> 
     </span>
     <span class='ocr_line' id='line_1_14' title="bbox 511 2728 1481 2832; baseline -0.001 -27"><span class='ocrx_word' id='word_1_81' title='bbox 511 2729 553 2806; x_wconf 93' lang='lat' dir='ltr'>in</span> <span class='ocrx_word' id='word_1_82' title='bbox 578 2733 684 2807; x_wconf 80' lang='lat' dir='ltr'>ierra</span> <span class='ocrx_word' id='word_1_83' title='bbox 709 2729 810 2807; x_wconf 85' lang='lat' dir='ltr'>raris</span> <span class='ocrx_word' id='word_1_84' title='bbox 833 2733 873 2807; x_wconf 80' lang='lat' dir='ltr'>el</span> <span class='ocrx_word' id='word_1_85' title='bbox 895 2731 1076 2832; x_wconf 83' lang='lat' dir='ltr'>angustis</span> <span class='ocrx_word' id='word_1_86' title='bbox 1101 2730 1197 2807; x_wconf 91' lang='lat' dir='ltr'>locis</span> <span class='ocrx_word' id='word_1_87' title='bbox 1219 2756 1228 2807; x_wconf 94' lang='lat'><strong>:</strong></span> <span class='ocrx_word' id='word_1_88' title='bbox 1251 2734 1290 2807; x_wconf 81' lang='lat' dir='ltr'>ei</span> <span class='ocrx_word' id='word_1_89' title='bbox 1311 2729 1360 2806; x_wconf 84' lang='lat' dir='ltr'>&#39;in</span> <span class='ocrx_word' id='word_1_90' title='bbox 1385 2728 1481 2831; x_wconf 91' lang='lat' dir='ltr'>ipsis</span> 
     </span>
     <span class='ocr_line' id='line_1_15' title="bbox 512 2870 1483 2975; baseline 0 -27"><span class='ocrx_word' id='word_1_91' title='bbox 512 2872 624 2975; x_wconf 84' lang='lat' dir='ltr'>quasi</span> <span class='ocrx_word' id='word_1_92' title='bbox 648 2871 832 2969; x_wconf 76' lang='lat' dir='ltr'>maculiS,</span> <span class='ocrx_word' id='word_1_93' title='bbox 855 2871 920 2949; x_wconf 92' lang='lat' dir='ltr'>ubi</span> <span class='ocrx_word' id='word_1_94' title='bbox 940 2873 1156 2968; x_wconf 70' lang='lat' dir='ltr'>habitatur,</span> <span class='ocrx_word' id='word_1_95' title='bbox 1177 2875 1311 2948; x_wconf 84' lang='lat' dir='ltr'>vastas</span> <span class='ocrx_word' id='word_1_96' title='bbox 1335 2870 1483 2948; x_wconf 74' lang='lat' dir='ltr'>solitu-</span> 
     </span>
     <span class='ocr_line' id='line_1_16' title="bbox 511 3012 1483 3117; baseline -0.001 -29"><span class='ocrx_word' id='word_1_97' title='bbox 511 3013 620 3091; x_wconf 86' lang='lat' dir='ltr'>dines</span> <span class='ocrx_word' id='word_1_98' title='bbox 645 3013 869 3115; x_wconf 80' lang='lat' dir='ltr'>inierjecias</span> <span class='ocrx_word' id='word_1_99' title='bbox 897 3038 905 3091; x_wconf 93' lang='lat'>:</span> <span class='ocrx_word' id='word_1_100' title='bbox 934 3038 1075 3117; x_wconf 89' lang='lat' dir='ltr'>eosque</span> <span class='ocrx_word' id='word_1_101' title='bbox 1099 3012 1167 3117; x_wconf 91' lang='lat' dir='ltr'>qui</span> <span class='ocrx_word' id='word_1_102' title='bbox 1191 3012 1370 3090; x_wconf 80' lang='lat' dir='ltr'>incolunt</span> <span class='ocrx_word' id='word_1_103' title='bbox 1395 3016 1483 3089; x_wconf 78' lang='lat' dir='ltr'>ter-</span> 
     </span>
     <span class='ocr_line' id='line_1_17' title="bbox 512 3152 1481 3257; baseline -0.006 -24"><span class='ocrx_word' id='word_1_104' title='bbox 512 3181 610 3253; x_wconf 87' lang='lat' dir='ltr'>ram,</span> <span class='ocrx_word' id='word_1_105' title='bbox 632 3180 710 3233; x_wconf 90' lang='lat' dir='ltr'>non</span> <span class='ocrx_word' id='word_1_106' title='bbox 730 3156 840 3231; x_wconf 91' lang='lat' dir='ltr'>modo</span> <span class='ocrx_word' id='word_1_107' title='bbox 859 3154 1097 3257; x_wconf 74' lang='lat' dir='ltr'>interruptos</span> <span class='ocrx_word' id='word_1_108' title='bbox 1119 3154 1175 3230; x_wconf 77' lang='lat' dir='ltr'>ila</span> <span class='ocrx_word' id='word_1_109' title='bbox 1193 3179 1292 3251; x_wconf 80' lang='lat' dir='ltr'>esse,</span> <span class='ocrx_word' id='word_1_110' title='bbox 1314 3158 1360 3231; x_wconf 79' lang='lat' dir='ltr'>ui</span> <span class='ocrx_word' id='word_1_111' title='bbox 1379 3152 1481 3230; x_wconf 91' lang='lat' dir='ltr'>nihil</span> 
     </span>
     <span class='ocr_line' id='line_1_18' title="bbox 513 3294 1481 3399; baseline 0.001 -28"><span class='ocrx_word' id='word_1_112' title='bbox 513 3295 615 3373; x_wconf 72' lang='lat' dir='ltr'>inter</span> <span class='ocrx_word' id='word_1_113' title='bbox 629 3296 732 3397; x_wconf 90' lang='lat' dir='ltr'>ipsos</span> <span class='ocrx_word' id='word_1_114' title='bbox 748 3297 794 3374; x_wconf 88' lang='lat' dir='ltr'>ab</span> <span class='ocrx_word' id='word_1_115' title='bbox 803 3294 893 3371; x_wconf 89' lang='lat' dir='ltr'>aliis</span> <span class='ocrx_word' id='word_1_116' title='bbox 908 3297 956 3372; x_wconf 88' lang='lat' dir='ltr'>ad</span> <span class='ocrx_word' id='word_1_117' title='bbox 975 3296 1073 3373; x_wconf 87' lang='lat' dir='ltr'>alios</span> <span class='ocrx_word' id='word_1_118' title='bbox 1089 3321 1248 3373; x_wconf 83' lang='lat' dir='ltr'>manare</span> <span class='ocrx_word' id='word_1_119' title='bbox 1262 3296 1400 3399; x_wconf 80' lang='lat' dir='ltr'>possit,</span> <span class='ocrx_word' id='word_1_120' title='bbox 1415 3295 1481 3373; x_wconf 91' lang='lat' dir='ltr'>sed</span> 
     </span>
    </p>
   </div>
   <div class='ocr_carea' id='block_1_3' title="bbox 511 3438 1481 3542">
    <p class='ocr_par' dir='ltr' id='par_1_4' title="bbox 511 3438 1481 3542">
     <span class='ocr_line' id='line_1_19' title="bbox 511 3438 1481 3542; baseline -0.001 -26"><span class='ocrx_word' id='word_1_121' title='bbox 511 3439 655 3542; x_wconf 84' lang='lat' dir='ltr'>partim</span> <span class='ocrx_word' id='word_1_122' title='bbox 674 3438 870 3542; x_wconf 81' lang='lat' dir='ltr'>obliquos,</span> <span class='ocrx_word' id='word_1_123' title='bbox 892 3439 1036 3541; x_wconf 80' lang='lat' dir='ltr'>partim</span> <span class='ocrx_word' id='word_1_124' title='bbox 1055 3443 1315 3535; x_wconf 63' lang='lat' dir='ltr'>transversos</span> <span class='ocrx_word' id='word_1_125' title='bbox 1337 3438 1481 3542; x_wconf 79' lang='lat' dir='ltr'>partim</span> 
     </span>
    </p>
   </div>
   <div class='ocr_carea' id='block_1_4' title="bbox 512 3581 1481 3687">
    <p class='ocr_par' dir='ltr' id='par_1_5' title="bbox 512 3581 1481 3687">
     <span class='ocr_line' id='line_1_20' title="bbox 512 3581 1481 3687; baseline 0 -30"><span class='ocrx_word' id='word_1_126' title='bbox 512 3582 630 3659; x_wconf 78' lang='lat' dir='ltr'>eiiam</span> <span class='ocrx_word' id='word_1_127' title='bbox 650 3582 830 3659; x_wconf 88' lang='lat' dir='ltr'>adversos</span> <span class='ocrx_word' id='word_1_128' title='bbox 850 3586 954 3660; x_wconf 77' lang='lat' dir='ltr'>stare</span> <span class='ocrx_word' id='word_1_129' title='bbox 972 3581 1080 3660; x_wconf 83' lang='lat' dir='ltr'>vobis</span> <span class='ocrx_word' id='word_1_130' title='bbox 1094 3608 1102 3661; x_wconf 94' lang='lat'>:</span> <span class='ocrx_word' id='word_1_131' title='bbox 1116 3609 1140 3660; x_wconf 86' lang='lat' dir='ltr'>a</span> <span class='ocrx_word' id='word_1_132' title='bbox 1154 3582 1296 3687; x_wconf 87' lang='lat' dir='ltr'>quibus</span> <span class='ocrx_word' id='word_1_133' title='bbox 1316 3604 1481 3683; x_wconf 89' lang='lat' dir='ltr'>exspec-</span> 
     </span>
    </p>
   </div>
   <div class='ocr_carea' id='block_1_5' title="bbox 513 3721 1281 3961">
    <p class='ocr_par' dir='ltr' id='par_1_6' title="bbox 513 3721 1281 3961">
     <span class='ocr_line' id='line_1_21' title="bbox 513 3721 1281 3827; baseline 0.007 -31"><span class='ocrx_word' id='word_1_134' title='bbox 513 3725 596 3798; x_wconf 75' lang='lat' dir='ltr'>tare</span> <span class='ocrx_word' id='word_1_135' title='bbox 615 3721 779 3824; x_wconf 81' lang='lat' dir='ltr'>gloriam</span> <span class='ocrx_word' id='word_1_136' title='bbox 799 3727 900 3800; x_wconf 80' lang='lat' dir='ltr'>cerie</span> <span class='ocrx_word' id='word_1_137' title='bbox 920 3725 1072 3801; x_wconf 83' lang='lat' dir='ltr'>nullam</span> <span class='ocrx_word' id='word_1_138' title='bbox 1092 3728 1198 3827; x_wconf 74' lang='lat' dir='ltr'>potes</span> <span class='ocrx_word' id='word_1_139' title='bbox 1212 3722 1237 3800; x_wconf 81' lang='lat'>¹.</span> <span class='ocrx_word' id='word_1_140' title='bbox 1263 3759 1281 3792; x_wconf 72' lang='lat' dir='ltr'>o</span> 
     </span>
     <span class='ocr_line' id='line_1_22' title="bbox 565 3859 894 3961; baseline 0.012 -26"><span class='ocrx_word' id='word_1_141' title='bbox 565 3860 617 3935; x_wconf 83' lang='lat' dir='ltr'>Ei</span> <span class='ocrx_word' id='word_1_142' title='bbox 634 3859 750 3961; x_wconf 86' lang='lat' dir='ltr'>paulo</span> <span class='ocrx_word' id='word_1_143' title='bbox 766 3860 869 3938; x_wconf 83' lang='lat' dir='ltr'>infra</span> <span class='ocrx_word' id='word_1_144' title='bbox 886 3887 894 3939; x_wconf 76' lang='grc' dir='ltr'>ε</span> 
     </span>
    </p>
   </div>
   <div class='ocr_carea' id='block_1_6' title="bbox 569 4001 1477 4105">
    <p class='ocr_par' dir='ltr' id='par_1_7' title="bbox 569 4001 1477 4105">
     <span class='ocr_line' id='line_1_23' title="bbox 569 4001 1477 4105; baseline 0 -27"><span class='ocrx_word' id='word_1_145' title='bbox 569 4035 587 4068; x_wconf 91' lang='grc' dir='ltr'>ιι</span> <span class='ocrx_word' id='word_1_146' title='bbox 608 4001 755 4087; x_wconf 77' lang='lat' dir='ltr'>Quanti</span> <span class='ocrx_word' id='word_1_147' title='bbox 771 4003 927 4080; x_wconf 83' lang='lat' dir='ltr'>tandem</span> <span class='ocrx_word' id='word_1_148' title='bbox 942 4007 1002 4079; x_wconf 82' lang='lat' dir='ltr'>esi</span> <span class='ocrx_word' id='word_1_149' title='bbox 1020 4003 1097 4080; x_wconf 77' lang='lat' dir='ltr'>ista</span> <span class='ocrx_word' id='word_1_150' title='bbox 1116 4004 1318 4082; x_wconf 88' lang='lat' dir='ltr'>hominum</span> <span class='ocrx_word' id='word_1_151' title='bbox 1338 4002 1477 4105; x_wconf 83' lang='lat' dir='ltr'>gloria,</span> 
     </span>
    </p>
   </div>
   <div class='ocr_carea' id='block_1_7' title="bbox 552 4318 1035 4393">
    <p class='ocr_par' dir='ltr' id='par_1_8' title="bbox 552 4318 1035 4393">
     <span class='ocr_line' id='line_1_24' title="bbox 552 4318 1035 4393; baseline 0.006 -20"><span class='ocrx_word' id='word_1_152' title='bbox 552 4318 560 4352; x_wconf 77' lang='lat'><strong>⁴</strong></span> <span class='ocrx_word' id='word_1_153' title='bbox 580 4320 619 4374; x_wconf 80' lang='lat' dir='ltr'>Ex</span> <span class='ocrx_word' id='word_1_154' title='bbox 635 4318 741 4373; x_wconf 89' lang='lat' dir='ltr'>somnio</span> <span class='ocrx_word' id='word_1_155' title='bbox 753 4318 888 4391; x_wconf 80' lang='lat' dir='ltr'>Scipionis</span> <span class='ocrx_word' id='word_1_156' title='bbox 900 4328 1035 4393; x_wconf 70' lang='lat' dir='ltr'>excerpta.</span> 
     </span>
    </p>
   </div>
   <div class='ocr_carea' id='block_1_8' title="bbox 0 0 1839 5542">
    <p class='ocr_par' dir='ltr' id='par_1_9' title="bbox 0 0 1839 5542">
     <span class='ocr_line' id='line_1_25' title="bbox 0 0 1839 5542; baseline 0 0"><span class='ocrx_word' id='word_1_157' title='bbox 0 0 1839 5542; x_wconf 95' lang='lat' dir='ltr'> </span> 
     </span>
    </p>
   </div>
  </div>
 </body>
</html>
